3525 5384
1278 434 1366 477 mn
1409 433 1676 478 nolimu
1721 433 1930 479 mono
1974 434 2158 478 xvm.
2854 416 2941 479 29

493 604 778 695 Udisque
844 604 1079 675 lambis
1146 606 1369 683 saviis,
1440 609 1802 674 rectissime
1871 608 2251 673 emendavit
2313 610 2671 688 Baehrsns3
2742 612 2942 677 codex

483 716 932 781 Bruxellensis
1009 736 1129 799 pro
1193 710 1516 799 Udisque
1586 715 1825 781 habet:
1889 711 2296 801 moralisque,
2344 715 2939 783 Helmstadiensis:

478 840 770 910 osusque,
802 820 1292 885 Arundelianus
1341 825 1406 885 et
1450 820 1994 902 Rehdigeranus:
2042 816 2403 910 hos-§usqua
2424 859 2513 867 ——
2544 816 2825 911 Udisque
2848 873 2863 888 .
2894 876 2899 883 .
2926 875 2943 889 .

484 924 706 1005 savii-3,
756 928 906 992 udis
954 932 1223 1012 propter
1270 927 1580 1015 ὀργασμὸν
1626 929 1891 992 feminae
1908 951 1927 1003 ;
1978 928 2295 993 Horatius
2344 932 2499 993 ante
2547 930 2775 994 oculos
2823 931 2939 994 ha-

485 1034 634 1099 buit
683 1035 1010 1117 Aristoph.
1059 1034 1280 1117 Equit.
1337 1036 1810 1099 1284—1286:
1860 1033 1987 1122 Τὴν
2035 1040 2151 1118 γὰρ
2220 1032 2406 1101 αὑτοῦ
2470 1038 2739 1117 γλῶτταν
2806 1034 2942 1101 αἰσ-

486 1150 669 1227 χραῖς
741 1140 996 1229 ἡδοναῖς
1057 1144 1418 1228 λυμαίνεται
1488 1140 1593 1206 Ἐν
1669 1146 2069 1225 κασωρείοισι
2133 1144 2361 1229 λείχων
2424 1148 2530 1229 τὴν
2598 1140 2943 1208 ἀπόπτυ·

489 1270 677 1313 στον
726 1248 1031 1331 δρόσον
1081 1247 1212 1313 Καὶ
1260 1251 1534 1335 μολύνων
1581 1254 1688 1335 τὴν
1735 1245 1966 1336 ὑπήνην
2012 1252 2121 1315 καὶ
2165 1261 2366 1314 κυκῶν
2414 1254 2523 1321 τὰς
2560 1248 2841 1336 ἐσχάρας
2877 1254 2944 1314 et

491 1356 732 1423 Catull.
783 1357 888 1433 77,
941 1358 1151 1421 7—-82
1209 1355 1376 1420 «Sed
1423 1376 1606 1421 nnnc
1653 1355 1720 1419 id
1771 1356 1985 1433 doleo,
2033 1356 2213 1439 quod
2259 1376 2443 1437 purae
2489 1376 2659 1439 pura
2704 1358 2943 1439 puellae

490 1462 686 1527 Savia
716 1463 1110 1527 comminxit
1155 1484 1394 1547 spurca
1441 1462 1648 1527 saliva
1694 1468 1870 1527 tua.»
1924 1462 2279 1528 Horatium
2334 1467 2401 1527 et
2431 1464 2944 1547 Aristophanem

491 1569 690 1633 simul
736 1568 1019 1653 respexit
1065 1568 1294 1635 Iuven.
1347 1571 1406 1647 9,
1462 1570 1678 1633 3-—42
1737 1550 1951 1648 «Quid
2013 1568 2134 1633 tibi
2183 1591 2337 1636 cum
2402 1571 2613 1645 vultu,
2680 1570 2949 1653 qualem

493 1676 854 1759 deprensus
920 1676 1210 1742 habebat
1274 1676 1543 1751 Ravola,
1585 1676 1778 1739 dum
1843 1675 2201 1759 Rhodopes
2269 1671 2407 1742 uda
2453 1678 2607 1741 terit
2671 1676 2949 1758 inguina

492 1779 754 1851 barba.»
811 1782 1167 1848 Horatium
1216 1783 1518 1848 imitatur
1565 1782 1770 1847 etiam
1819 1782 2061 1848 Tibull.
2109 1784 2159 1847 Ι.
2194 1785 2255 1857 8,
2292 1785 2597 1849 37—-382
2640 1784 2761 1848 «Et
2793 1784 2949 1847 dare

493 1885 833 1957 anhelanti
877 1890 1331 1973 pugnantibus
1376 1885 1610 1956 umida
1654 1890 1902 1971 linguis
1952 1885 2248 1958 Oscula.»

708 1995 782 2059 V.
833 1997 1116 2062 33—36.
1189 1993 1377 2063 Nunc
1444 1992 1642 2073 laede,
1712 2017 1888 2063 nunc
1954 1993 2202 2073 lacesse,
2251 1995 2309 2062 si
2366 1994 2711 2084 quicquam
2756 1993 2950 2071 valea,

495 2104 574 2167 cf.
646 2123 846 2187 supra
909 2123 1001 2169 vs.
1072 2105 1149 2168 8:
1231 2104 1423 2187 «quid
1489 2125 1594 2168 me
1661 2104 1933 2167 incitas»
2004 2108 2070 2168 et
2135 2104 2295 2168 Hor.
2360 2104 2571 2187 Epod.
2623 2105 2682 2180 6,
2734 2105 2949 2167 3-42

505 2208 718 2289 «Quin
767 2211 898 2274 huc
963 2211 1216 2283 inanes,
1285 2208 1345 2276 si
1387 2219 1581 2301 potes,
1630 2212 1830 2275 vertis
1894 2212 2109 2275 minas
2180 2212 2265 2276 Et
2327 2232 2431 2274 me
2502 2229 2951 2275 remorsurum

493 2318 662 2400 petis
680 2322 744 2381 P«
800 2355 887 2362 —
933 2312 1028 2383 Et
1091 2336 1327 2384 nomen
1408 2313 1702 2389 abscribo
1769 2329 1971 2394 tuum,
2022 2317 2091 2381 in
2141 2318 2371 2401 epodis
2434 2317 2627 2383 editis
2674 2317 2945 2382 nomine

496 2425 753 2489 notavit
799 2424 1118 2489 Horatius
1163 2426 1607 2488 feneratorem
1658 2425 1901 2488 Alfium
1951 2426 2034 2500 (2,
2072 2425 2203 2502 67.)
2236 2427 2301 2487 et
2333 2428 2602 2506 poetam
2635 2423 2951 2487 Maevium

495 2534 624 2611 (10,
678 2534 798 2610 2.);
847 2532 1011 2596 falso
1059 2531 1330 2596 nomine
1379 2552 1538 2596 usus
1588 2530 1938 2596 Canidiam
1985 2531 2211 2614 posuit
2255 2551 2375 2614 pro
2424 2530 2725 2595 Gratidia
2773 2530 2832 2604 3,
2883 2530 2947 2591 5.

498 2647 563 2704 et
616 2641 714 2703 17.
764 2639 840 2701 In
889 2638 1196 2704 homines
1242 2638 1696 2702 innominatos
1742 2636 2081 2701 invehitur
2128 2638 2211 2711 4.,
2262 2637 2346 2713 6.,
2395 2638 2456 2700 8.
2508 2639 2573 2699 et
2615 2639 2710 2699 12.
2746 2634 2949 2699 Hunc

497 2746 716 2811 locum
762 2751 913 2810 ante
963 2746 1192 2810 oculos
1241 2745 1477 2809 habuit
1526 2744 1713 2809 Ovid.
1762 2744 1858 2807 Ib.
1909 2744 2211 2807 51—54:
2271 2744 2393 2809 «Et
2440 2763 2655 2825 neque
2718 2761 2949 2808 nomen

496 2853 566 2916 in
615 2851 761 2929 hoc,
809 2872 932 2915 nec
980 2849 1198 2914 dicam
1223 2844 1422 2936 jacta
1469 2852 1572 2926 (cf.
1621 2871 1714 2913 vs.
1771 2851 1869 2915 18.
1920 2850 2121 2914 huius
2169 2850 2387 2933 spodi)
2432 2850 2681 2926 libello,
2730 2850 2947 2933 Teque

496 2959 697 3034 brevi,
762 2958 875 3041 qui
940 2958 1048 3035 sis,
1099 2958 1513 3027 dissimulare
1581 2957 1818 3021 sinam.
1886 2957 2260 3033 Postmod0‚
2330 2958 2386 3021 si
2454 2977 2704 3040 perges,
2768 2958 2838 3020 in
2886 2964 2952 3020 te

496 3068 664 3131 mihi
728 3066 894 3130 liber
961 3062 1214 3131 iambus
1281 3066 1512 3129 Tincta
1573 3064 1945 3147 Lycambeo
2014 3064 2339 3146 sanguine
2402 3066 2534 3129 tela
2596 3064 2815 3130 dabit»
2887 3066 2953 3128 et

497 3175 656 3239 ibid.
687 3194 831 3244 ,vsa
883 3173 1271 3238 643—644:
1332 3172 1727 3235 «Postmodo
1791 3172 1984 3254 plura
2029 3173 2206 3253 leges
2253 3176 2319 3236 et
2362 3190 2591 3239 nomen
2638 3171 2955 3236 habentia

499 3302 738 3355 verum,
788 3281 876 3344 Et
918 3275 1094 3367 pede,
1145 3301 1276 3362 quo
1312 3279 1558 3343 debent
1588 3278 1764 3342 acria
1796 3279 1972 3342 bella
2000 3280 2195 3360 geri.»
2230 3314 2315 3323 —-
2343 3276 2624 3345 Ginaede
2655 3274 2955 3353 Pediati,

498 3388 642 3455 tuae
709 3384 946 3477 lique-re
1013 3406 1179 3475 opes,
1225 3387 1320 3451 ita
1383 3386 1730 3451 emendavi
1778 3406 2041 3451 versum
2088 3387 2160 3450 in
2209 3388 2546 3452 codicibus
2594 3388 2837 3453 mirum
2884 3387 2955 3450 in

499 3495 776 3563 modum
808 3498 1225 3577 corruptum;
1275 3494 1720 3558 Bruxellensis
1770 3495 1948 3559 enim
1996 3495 2230 3561 habet:
2288 3496 2485 3560 «Cine
2533 3496 2787 3561 delucci
2819 3495 2955 3558 iam

502 3608 568 3668 te
599 3603 941 3686 liquerunt
973 3622 1194 3685 opes»,
1222 3601 1675 3666 Monacensis:
1719 3602 1921 3666 «cinae
1948 3601 2333 3667 dulcissima
2366 3610 2433 3668 et
2453 3602 2706 3685 liquere
2730 3622 2946 3685 opes.»

505 3710 700 3792 Origo
750 3710 1174 3793 corruptelae:
1220 3731 1340 3793 pro
1391 3705 1660 3776 Pediati
1705 3710 2048 3792 legebatur
2104 3705 2438 3787 Peduci.⁴‘)
2471 3713 2712 3775 Versus
2760 3708 2959 3791 igitur

505 3818 784 3882 eandem
851 3817 1121 3881 habebit
1168 3818 1450 3882 formam
1498 3817 1863 3891 metricam,
1915 3837 2115 3905 quam
2168 3818 2370 3881 etiam
2417 3838 2511 3883 vs.
2565 3817 2666 3882 13.
2717 3817 2954 3880 habet:

514 3924 669 3991 «Vel
715 3930 862 3990 acta
907 3945 1113 4008 puero
1148 3944 1301 3989 cum
1332 3924 1488 3989 viris
1523 3924 1888 4000 convivia»,
1923 3925 1965 3989 i.
2002 3946 2056 3988 e.
2090 3926 2160 3988 in
2194 3926 2409 4008 primo
2441 3925 2608 4008 pede
2642 3925 2764 3987 erit
2794 3924 2957 3988 iam-

508 4033 650 4107 bus,
700 4032 769 4093 in
819 4030 1113 4094 secundo
1161 4030 1550 4112 tribrachys,
1584 4029 1653 4093 in
1687 4030 1883 4095 tertio
1916 4032 2271 4114 spondeus,
2306 4032 2377 4095 in
2410 4037 2642 4114 quarto
2674 4032 2960 4107 iambus,

507 4141 578 4204 in
627 4139 860 4221 quinto
909 4139 1265 4222 spondeus.
1333 4141 1435 4203 An
1500 4139 1888 4221 ponendum
1946 4160 2316 4221 cognomen
2364 4138 2956 4221 scribendumque:

512 4246 818 4312 «Cinaede
848 4242 1102 4322 Lusco,
1135 4246 1270 4311 iam
1301 4254 1450 4311 tuae
1479 4247 1728 4328 liquere
1762 4266 1957 4329 opes»
1978 4251 2010 4309 ἰ)
2057 4242 2701 4329 CognomenLuscus
2734 4265 2959 4310 occur-

508 4355 594 4419 rit
640 4354 843 4418 etiam
890 4353 1068 4437 apud
1100 4353 1264 4418 Hor.
1299 4353 1436 4418 Sat.
1469 4354 1522 4417 Ι.
1558 4355 1622 4431 5,
1656 4353 1760 4416 34.
1796 4389 1881 4397 —-
1920 4347 2211 4420 Cinaede
2254 4346 2544 4430 Pediati‚
2592 4357 2671 4417 ut
2716 4352 2957 4418 Catull.

726 4585 782 4652 ¹³)
819 4584 1038 4637 Eodem
1063 4584 1237 4636 modo
1266 4580 1416 4637 Civis
1439 4598 1525 4636 vs.
1550 4581 1672 4634 374.
1706 4580 2003 4635 «furialia»
2035 4584 2373 4649 corruptum
2401 4583 2487 4633 est
2513 4581 2573 4632 in
2607 4578 2965 4647 «frigidula».

1684 4689 1789 4741 333
