3525 5384
1295 450 1382 494 Dr:
1427 451 1693 495 ΗοΒΑΤΠ
1737 452 1947 495 EPODo
1993 448 2176 495 xv111.
2275 449 2280 454 ·
2874 432 2959 496 35

931 624 1159 677 Gaudia
1195 628 1262 677 tu
1299 626 1431 678 vitae
1467 628 1690 689 cantas,
1729 626 1923 677 divine
1961 626 2157 693 poeta!

1001 713 1252 767 Tristem
1292 716 1554 767 animum
1595 714 1751 767 dulci
1791 730 1963 783 parce
2000 731 2231 767 movere
2272 716 2444 767 sono!

927 803 1046 854 Nos
1088 818 1315 869 quoque
1358 804 1668 864 sensimus,
1707 803 1841 864 heu,
1884 801 2149 854 deflenda
2186 802 2348 855 clade
2385 801 2707 871 Philippos,

999 892 1116 943 Nos
1158 908 1384 959 quoque
1423 892 1698 955 vidimus,
1737 908 1789 954 0,
1829 894 2037 943 cuncta
2075 893 2297 959 perisse
2335 892 2503 943 bona.

923 981 1211 1048 Tempora
1248 983 1450 1033 nostra
1487 984 1606 1033 tuis
1645 997 1991 1049 componere
2028 981 2176 1033 forte
2214 979 2437 1032 licebit:

978 1060 1174 1121 'Aetas
1212 1070 1336 1121 haec
1373 1085 1522 1122 nova
1559 1070 1678 1121 iam
1718 1074 1969 1138 coeperat
2009 1086 2133 1122 esse
2172 1087 2365 1133 senex,

924 1157 1186 1211 Vulnera
1224 1158 1325 1211 sed
1361 1161 1604 1221 torrent,
1640 1176 1951 1212 maeremus
1990 1160 2161 1211 corde
2198 1158 2504 1227 profundo,

997 1248 1101 1298 Est
1141 1250 1380 1299 sanctus
1417 1247 1586 1300 nobis
1625 1264 1857 1316 semper
1896 1250 2116 1314 eritque
2157 1249 2349 1300 dolor!

925 1424 1118 1477 Rebus
1157 1427 1218 1477 in
1258 1426 1519 1479 adversis
1561 1426 1855 1479 discamus
1894 1428 2088 1479 vivere
2126 1426 2331 1479 fortes!

968 1514 1222 1577 .Carcer,
1262 1514 1510 1580 vincula,
1551 1532 1710 1569 mors
1748 1533 1866 1567 non
1905 1516 2012 1568 tibi
2054 1532 2285 1569 summa
2322 1516 2505 1568 mala!

923 1600 1182 1655 Devictis
1221 1605 1534 1672 pulchrum
1575 1622 1748 1658 causa
1789 1605 2077 1657 confidere
2115 1608 2302 1658 iusta:

997 1692 1228 1761 Magnis
1267 1695 1387 1745 iam
1427 1696 1630 1763 coeptis
1671 1694 1789 1746 fata
1826 1694 1984 1746 viam
2022 1693 2337 1747 invenient.

923 1782 1163 1835 Decisas
1200 1799 1422 1851 pennas
1461 1786 1752 1851 temptant
1791 1784 2049 1837 relevare
2086 1788 2271 1853 poetae

995 1871 1235 1938 Iamque
1274 1876 1512 1925 monent
1553 1890 1756 1939 segnes
1795 1874 2029 1939 iamque
2068 1874 2283 1938 iterum
2323 1877 2479 1925 astra
2515 1877 2741 1941 petent:

923 1961 1124 2014 Persta
1162 1964 1335 2028 atque
1375 1961 1612 2023 obdura,
1651 1963 1773 2014 noli
1814 1978 1977 2030 spem
2015 1979 2247 2029 ponere,
2286 1967 2505 2031 peciam,

994 2050 1078 2101 Ex
1117 2049 1329 2101 humili
1367 2050 1527 2102 luctu
1567 2067 1739 2118 surge
1779 2068 1901 2118 age,
1942 2069 2131 2118 surge,
2173 2052 2395 2103 anime!

709 2282 810 2346 Ita
877 2282 1170 2346 cecinisti
1219 2282 1402 2357 olim,
1469 2282 1706 2363 Magne
1776 2280 2008 2357 Senex,
2080 2280 2455 2344 Academiae
2526 2285 2767 2344 nostra·
2839 2302 2955 2365 per

493 2388 980 2472 quinquaginta
1043 2388 1175 2452 iam
1247 2409 1460 2454 annos
1509 2388 1745 2452 decus!
1801 2388 1993 2467 Quod
2057 2380 2465 2452 autem'iam
2514 2398 2673 2451 tunc
2720 2387 2948 2451 divino

492 2494 660 2560 vatis
705 2494 1093 2579 praesagiisti
1140 2496 1385 2573 animo,
1435 2495 1931 2579 philosophiam
1993 2495 2255 2559 Horatii
2323 2494 2492 2558 nihil
2558 2515 2697 2558 esse
2766 2494 2948 2557 aliud

493 2600 623 2666 nisi
668 2601 960 2665 lenimen
1007 2602 1227 2666 luctus
1275 2601 1512 2680 acerbi,
1562 2601 1630 2666 id
1699 2601 1899 2665 fuisse
1964 2601 2383 2665 verissimum
2432 2621 2613 2664 nunc
2678 2602 2948 2665 demum

493 2711 695 2791 patet.
745 2707 890 2785 Quo
938 2708 1146 2791 magis
1193 2729 1299 2773 me
1348 2708 1531 2772 iuvat
1578 2708 1721 2772 Tibi
1772 2708 2137 2772 ostendisse
2186 2707 2542 2772 Horatium
2608 2708 2952 2771 iuventute

496 2814 841 2889 fervidum,
914 2816 1169 2881 amissae
1240 2816 1566 2880 libertatis
1634 2816 1862 2881 dolore
1932 2818 2337 2881 cruciatum:
2390 2838 2523 2881 non
2588 2816 2955 2898 sapientem

495 2922 916 3005 Epicureum,
965 2943 1102 2985 non
1167 2922 1544 2986 Maecenatis
1609 2922 1921 2997 amicum,
1991 2943 2125 2985 non
2191 2922 2607 2986 laudatorem
2655 2922 2954 2999 Augusti,

494 3028 610 3092 sed
659 3026 847 3091 Bruti
897 3027 1194 3091 militem.

1568 3122 1608 3161 ῆι
1703 3124 1741 3162 ³1
1838 3122 1875 3160 ⁴<

711 3292 809 3356 Ad
858 3294 1062 3356 finem
1107 3292 1400 3375 perveni,
1448 3292 1807 3357 Academia
1852 3294 2313 3376 Amplissima!
2350 3294 2543 3359 Alma
2574 3293 2950 3376 philologiae

497 3400 690 3463 Musa
738 3402 1159 3462 constantem
1207 3418 1425 3462 meam
1474 3418 1625 3480 erga
1672 3419 1740 3462 se
1790 3398 1987 3461 fidem
2024 3403 2211 3463 tanto
2245 3403 2595 3463 munerata
2646 3404 2745 3462 est
2791 3421 2953 3481 prse-

493 3502 652 3582 mi0,
693 3509 1022 3587 quantum
1056 3502 1308 3569 nedum
1342 3504 1441 3567 vir
1474 3524 1774 3585 unquam
1808 3525 2087 3586 sperare,
2125 3505 2238 3569 sed
2273 3528 2356 3570 ne
2392 3506 2649 3569 iuvenis
2685 3506 2955 3589 quidem

495 3610 680 3674 olim>
708 3611 1037 3675 somniare
1085 3632 1291 3675 ausus
1339 3631 1509 3674 sum.
1562 3611 1753 3689 Quod
1803 3612 1857 3674 si
1892 3633 2154 3676 mecum
2188 3613 2328 3695 ipse
2361 3618 2615 3696 reput0,
2653 3615 2954 3677 animum

491 3716 790 3782 novitate
868 3716 1126 3781 inventi
1204 3717 1426 3781 adhuc
1504 3718 1861 3782 confusum
1942 3718 2166 3782 divina
2244 3718 2532 3801 quadam
2611 3718 2957 3801 voluptate

495 3824 738 3888 mixtus
785 3824 1018 3888 horror
1064 3829 1365 3908 occupat,
1416 3825 1529 3907 qui
1574 3846 1712 3889 non
1760 3824 2005 3905 gaudio
2055 3846 2161 3889 me
2209 3825 2551 3907 indulgere
2600 3826 2775 3897 sinit,
2842 3826 2957 3888 sed

495 3932 718 4012 potius
767 3953 1054 4014 quaerere
1119 3932 1322 4009 iubet,
1390 3953 1684 4016 quonam
1749 3933 2007 4015 placem
2074 3933 2394 3996 sacrificio
2446 3932 2587 3995 eaeli
2635 3932 2956 3995 invidiam

492 4041 661 4109 mihi
708 4040 777 4102 in
824 4043 1087 4102 tantum
1136 4038 1469 4104 felicitatis
1519 4039 1857 4122 fastigium
1908 4044 2132 4103 evecto
2181 4038 2666 4125 imminentem.-
2717 4038 2957 4116 Quare,

491 4151 551 4215 si
600 4145 756 4233 quid
824 4167 900 4209 ex
964 4145 1091 4210 hoc
1138 4146 1409 4211 invento
1458 4146 1527 4209 in
1577 4168 1683 4211 me
1746 4147 2081 4212 redundat
2126 4148 2367 4229 gloriae,
2417 4146 2483 4210 id
2546 4149 2763 4210 totum
2814 4163 2954 4227 per-

495 4256 686 4320 mitto
719 4250 1088 4314 Academiae
1119 4250 1519 4316 Litterarum
1551 4252 1973 4334 Hungaricae,
2004 4274 2148 4335 quae
2173 4274 2279 4316 me
2306 4252 2687 4335 quindecim
2714 4252 2958 4315 abhinc

493 4358 691 4425 annis
738 4353 1314 4420 adulescentulum
1363 4357 1689 4421 sociorum
1739 4378 2021 4422 numero
2070 4358 2354 4423 adscribi
2401 4358 2593 4422 iussit
2641 4379 2848 4439 eoque
2883 4378 2959 4421 ex

497 4474 789 4550 tempore
837 4481 988 4525 mea
1036 4464 1258 4528 studia
1304 4467 1695 4532 auctoritate
1745 4488 1869 4531 sua
1914 4466 2197 4550 protegit
2246 4486 2639 4548 summaque
2671 4465 2955 4529 liberali-

489 4579 630 4643 tate
679 4571 1009 4635 sustentat
1055 4574 1252 4654 atque
1302 4574 1496 4653 fovet,
1546 4572 1654 4638 cui
1701 4574 1931 4651 debe0‚
1998 4574 2173 4656 quod
2248 4594 2471 4638 severa-
2542 4572 2698 4637 artis
2765 4571 2956 4635 disci-

1677 4698 1781 4749 339
2676 4696 2742 4747 3*
