3525 5384
550 448 590 511 6
1492 465 1691 509 GEYzA
1739 448 2069 511 Nummum

549 645 610 720 8,
661 646 766 710 39.
814 661 947 711 non
973 638 1195 729 fuisse
1227 644 1389 708 olim
1441 639 1572 709 tria
1621 632 1893 709 nomina
1932 638 2212 731 propria
2264 642 2409 705 iure
2456 640 2827 726 suspiceris.
2875 642 3003 708 No-

547 751 827 816 tandum
897 750 1134 815 deinde
1201 771 1242 814 a
1298 749 1752 833 Porphyrione
1819 770 1957 814 non
2022 748 2240 813 solum
2314 748 2662 813 mollitiem
2710 748 3005 826 Pediatii,

547 857 662 922 sed
710 857 910 923 etiam
954 857 1434 939 patrimonium
1487 857 1570 921 ab
1618 876 1695 921 eo
1743 859 2217 938 consumptum
2267 855 2793 932 commemorari,
2826 854 3005 919 unde

547 964 750 1030 etiam
815 965 995 1048 apud
1061 964 1416 1029 Horatium
1484 963 1564 1027 de
1629 961 2041 1028 helluatione
2102 961 2384 1029 Pediatii
2432 961 2797 1045 quidquam
2844 961 3005 1025 olim

544 1070 791 1136 lectum
839 1070 1038 1136 fuisse
1085 1073 1321 1154 sponte
1370 1068 1687 1154 sequitur.
1739 1066 2179 1133 Scribendum
2239 1067 2475 1151 igitur:

1047 1280 1062 1294 .
1087 1279 1102 1293 .
1127 1279 1141 1292 .
1170 1243 1342 1306 atque
1380 1240 1440 1291 in
1479 1257 1571 1294 me
1607 1239 1793 1294 veniat
1828 1242 2069 1294 mictum
2110 1243 2285 1306 atque
2326 1242 2590 1292 cacatum

974 1327 1292 1395 Helluo*)
1329 1327 1440 1380 vel
1476 1327 1722 1396 fragilis,
1759 1327 2037 1392 Pediatia,
2072 1327 2255 1381 furve
2294 1327 2583 1393 Voranus,

547 1497 663 1562 ubi
693 1493 902 1565 helluo
935 1497 1296 1580 opponitur
1304 1491 1483 1583 furi,
1513 1496 1686 1561 sicut
1718 1491 2062 1563 Pediatius
2110 1491 2395 1573 Verane,
2432 1496 3008 1579 conferendusque

547 1624 641 1670 vs.
695 1605 795 1668 10.
845 1602 1045 1667 huius
1093 1603 1318 1686 epodi:
1377 1604 1498 1666 «Et
1547 1598 1831 1668 helluato
1866 1654 1881 1667 .
1918 1649 1933 1665 .
1970 1652 1984 1665 .
2017 1602 2459 1686 patrimonio»
2503 1598 2748 1670 Helluo
2790 1598 3010 1688 fraqi-

547 1706 633 1777 lis
678 1710 721 1774 i.
771 1731 826 1774 e.
873 1710 1090 1775 mollis
1137 1714 1204 1774 et
1248 1709 1653 1794 impudicus,
1687 1713 1764 1775 ut
1796 1709 1928 1775 Cic.
1962 1712 2110 1792 Agr.
2145 1710 2196 1773 Ι.
2234 1710 2271 1773 7
2305 1736 2320 1775 :
2361 1710 2701 1793 «impurus
2733 1710 2999 1775 helluo»

549 1821 617 1881 et
680 1815 811 1882 Cic.
877 1818 976 1881 De
1023 1818 1198 1882 dom.
1267 1817 1389 1881 25:
1465 1815 1726 1881 «helluo
1793 1817 2421 1900 spurcatissimus»;
2489 1817 2574 1881 ad
2638 1817 3006 1900 parallelis-

549 1943 738 1988 mum
801 1923 1050 2002 (helluo
1098 1961 1185 1969 —
1231 1926 1356 2002 fur,
1404 1924 1701 1989 Pediatia
1747 1961 1835 1969 —
1880 1926 2213 2003 Voranus)
2280 1926 2361 1989 cf.
2428 1926 2589 1989 Hor.
2655 1924 2791 1990 Sat.
2841 1924 2892 1989 Ι.
2943 1927 3005 2002 8,

556 2032 675 2096 11:
732 2030 1135 2096 «Pantolabo
1183 2051 1416 2097 scurrae
1449 2033 2001 2113 Nomentanoque
2048 2027 2302 2119 nepoti»
2344 2031 2388 2095 i.
2424 2052 2477 2094 e.
2514 2030 2835 2095 helluoni.
2885 2032 3009 2094 Pro

531 2148 606 2206 et
652 2143 718 2204 et
762 2157 879 2227 que
925 2143 1151 2203 autem
1199 2140 1516 2223 scriptum
1570 2139 1773 2204 fuisse
1818 2134 2027 2217 vem)
2060 2142 2127 2202 et
2156 2158 2229 2205 ve
2260 2138 2614 2203 verisimile
2662 2138 2739 2203 fit
2786 2144 2863 2202 ex'
2909 2159 3006 2212 e0,

549 2247 728 2331 quod
775 2267 866 2311 vs.
917 2247 1022 2311 38.
1071 2246 1140 2310 in
1190 2246 1527 2311 codicibus
1571 2243 1793 2313 veniat
1836 2246 2181 2329 reperitur,
2231 2267 2369 2310 non
2415 2241 2706 2312 veniam.

762 2354 956 2435 Apud
1000 2352 1521 2436 Porphyrionem
1576 2352 1860 2434 denique
1908 2355 2216 2436 corrupta
2263 2354 2464 2417 sunt:
2522 2352 2761 2417 «etiam
2818 2351 3008 2415 casti-

542 2462 749 2524 tatem
803 2455 1038 2531 †moris
1075 2456 1426 2533 amiserat†
1447 2482 1501 2535 »,
1537 2458 1654 2522 ubi
1685 2461 1859 2523 certe
1905 2479 2044 2524 non
2076 2459 2298 2539 agitur
2329 2459 2410 2522 de
2445 2459 2746 2525 castitate
2778 2457 3007 2522 Pedia-

546 2564 624 2630 tii
688 2565 967 2640 amissa;
1034 2569 1195 2631 n'am
1265 2568 1652 2648 corruptum
1722 2565 1927 2629 fuisse
1989 2586 2273 2648 puerum
2338 2565 2711 2629 Pediatium
2742 2569 3014 2647 propter

542 2671 1030 2755 indulgentiam
1093 2677 1448 2756 parentum
1521 2675 1755 2755 postea
1793 2676 2371 2749 commemoratur,
2422 2672 2600 2737 unde
2666 2692 2820 2735 eum
2869 2673 3008 2735 non

545 2779 941 2863 patrimonio
990 2783 1408 2862 consumpto,
1459 2778 1573 2843 sed
1625 2779 1839 2842 multo
1888 2782 2041 2843 ante
2088 2779 2253 2844 vivis
2299 2779 2687 2862 parentibus
2750 2778 3007 2843 castita-

543 2890 681 2951 tem
744 2887 1040 2952 amisisse
1110 2887 1347 2951 elucet.
1425 2885 1643 2964 Quare
1719 2905 1841 2968 pro
1918 2884 2117 2952 moris
2195 2882 2525 2953 amiserat.
2584 2885 3008 2950 scribendum

549 2990 830 3058 sororis
875 2990 1304 3058 vendiderat
1350 2991 1868 3075 conferendique
1916 3012 2045 3056 vss.
2096 2994 2292 3059 7-8,
2341 2993 2547 3058 huius
2596 2992 2829 3076 epodi:

973 3165 1081 3215 Per
1108 3161 1443 3232 prostitutae
1484 3166 1655 3231 turpe
1696 3163 2138 3216 contubernium

1045 3248 1264 3306 sororis
1299 3280 1371 3290 —
1417 3268 1450 3303 o
1491 3252 1628 3318 quid
1667 3269 1761 3306 me
1796 3252 2051 3307 incitas?

758 3423 987 3486 Restat
1029 3420 1247 3503 igitur,
1297 3422 1634 3487 auditores
1706 3422 2094 3500 doctissimi,
2160 3425 2236 3486 ut
2285 3424 2505 3485 totum
2572 3419 2863 3504 epodum
2929 3441 3006 3483 ex

547 3525 650 3591 his
723 3527 921 3592 rebus
986 3547 1166 3591 nunc
1229 3527 1523 3611 primum
1593 3529 1868 3593 detectis
1935 3528 2258 3612 explicare
2318 3531 2515 3610 atque
2582 3525 3007 3609 interpretari

542 3636 965 3717 temptemus,
1015 3620 1231 3713 Quam
1265 3634 1349 3698 ob
1380 3654 1524 3699 rem
1566 3656 1643 3699 ex
1673 3635 2058 3700 recensione
2091 3654 2239 3700 mea
2268 3635 2379 3699 hic
2413 3633 2709 3718 sequitur
2739 3653 3004 3697 carmen

545 3740 1089 3805 adnotationibus
1155 3742 1500 3824 exegeticis
1570 3743 1635 3805 et
1697 3741 1939 3806 criticis
1984 3742 2385 3806 instructum
2435 3746 2633 3825 atque
2703 3740 3004 3804 versione

544 3846 945 3929 Hungarica.
1015 3848 1246 3912 Dulcis
1295 3848 1475 3912 enim
1525 3848 1754 3931 lingua
1804 3852 2030 3914 nostra
2075 3849 2160 3913 sit
2203 3850 2441 3933 prima,
2492 3849 2561 3911 in
2610 3867 2812 3931 quam
2863 3843 3006 3914 Ho-

541 3951 708 4020 ratii
735 3950 976 4043 epodus
1007 3951 1564 4022 duodevicesimus
1595 3994 1682 4001 —-
1706 3978 1865 4021 nam
1898 3957 2031 4021 huc
2062 3977 2274 4039 usque
2311 3955 2784 4039 septemdecim
2818 3958 3009 4018 erant

545 4060 690 4124 noti
735 4098 822 4105 —
866 4062 1144 4145 pristino
1210 4064 1438 4127 sensui
1506 4062 1807 4126 redditus
1872 4062 2305 4128 convertitur.
2371 4063 2595 4126 Potest
2656 4065 2830 4126 certe
2880 4059 3005 4124 hoc

546 4187 786 4250 poema-
831 4168 900 4231 in
943 4169 1406 4251 Hungaricum
1455 4169 1550 4233 ita
1594 4170 1953 4247 transferri,
2002 4173 2079 4235 ut
2138 4188 2362 4233 rerum
2410 4167 2781 4232 obscenitas
2828 4165 3007 4229 miti-

545 4278 754 4356 getur,
801 4278 1142 4339 remaneat
1187 4280 1412 4339 tamen
1461 4276 1558 4340 vis
1605 4270 2090 4340 sententiarum
2137 4296 2286 4340 vere
2334 4273 2792 4338 Archilochea.

611 4598 616 4607 .
759 4523 814 4591 *)
856 4523 1140 4577 Scribitur
1177 4525 1353 4576 etiam
1392 4523 1532 4578 elluo
1571 4527 1625 4577 et
1663 4524 1799 4587 elue,
1837 4524 1989 4591 quod
2030 4522 2101 4577 ad
2139 4520 2329 4579 Iulius
2367 4523 2629 4590 proxime
2670 4522 2907 4577 accedit.

725 4611 815 4679 **)
856 4612 944 4664 An
985 4613 1354 4665 scribendum
1395 4615 1592 4681 potius
1631 4616 1803 4668 seu?

1723 4720 1829 4774 310
