3525 5384
1369 1366 2116 1437 ADNOTATIONES.

727 1655 804 1721 V.
875 1658 1064 1722 1—2.
1134 1652 1352 1724 lacere
1398 1675 1496 1724 me
1530 1708 1546 1722 .
1581 1704 1598 1721 .
1633 1707 1647 1721 .
1683 1664 1899 1743 putas,
1966 1655 2315 1721 infirmum
2374 1658 2571 1737 atque
2636 1654 2973 1719 imbellem

516 1784 656 1830 esse
713 1764 1042 1849 opinaris;
1109 1768 1188 1829 ut
1251 1763 1490 1829 Tibull.
1558 1763 1611 1827 Ι.
1660 1762 1720 1839 4,
1775 1761 2075 1825 31-322
2134 1760 2388 1840 «Quam
2448 1757 2629 1837 iacet,
2695 1760 2975 1825 infirmae

515 1890 751 1936 venere
821 1871 938 1934 ubi
1003 1870 1140 1934 fata
1204 1872 1506 1944 senectae,
1568 1869 1697 1948 Qui
1760 1868 1942 1952 prior
2006 1868 2169 1933 Eleo
2235 1870 2335 1932 est
2402 1886 2658 1931 carcere
2731 1868 2975 1931 missus

517 1998 761 2061 equus»
818 1981 885 2042 et
930 1976 1089 2041 ibid.
1137 1977 1222 2041 ΙΙ.
1274 1978 1336 2052 5,
1393 1976 1778 2041 109—110:
1838 1974 2049 2043 «iaceo
2102 1996 2257 2040 cum
2304 1974 2570 2040 saucius
2602 1994 2863 2051 annum
2891 1974 2979 2039 Et

515 2086 706 2149 faveo
752 2084 1042 2149 morb0.»
1085 2082 1181 2149 cf.
1232 2083 1431 2148 etiam
1480 2084 1773 2166 Propert.
1820 2084 1867 2148 L
1920 2084 1981 2160 6,
2034 2083 2157 2147 25:
2200 2082 2384 2147 «Me.
2419 2130 2435 2147 .
2471 2132 2486 2145 .
2522 2102 2721 2165 quem
2767 2080 2977 2145 voluit

517 2211 777 2275 semper
822 2192 1091 2256 fortuna
1137 2188 1359 2257 iacere.
1376 2215 1398 2247 »
1455 2189 1734 2255 Videtur
1797 2189 2115 2255 Horatius
2163 2209 2203 2253 a
2266 2188 2584 2263 Pediati0,
2656 2188 2974 2270 dignitate

516 2299 756 2382 equitis
819 2298 1107 2363 Romani
1177 2298 1368 2373 elato,
1437 2298 1651 2378 iurgio
1715 2297 2062 2362 lacessitus
2110 2316 2270 2373 esse,
2323 2297 2499 2380 quod
2561 2296 2721 2361 olim
2767 2295 2975 2359 victas

514 2410 733 2491 partes
800 2411 971 2471 esset
1036 2408 1302 2470 secutus
1366 2404 1813 2487 libertinoque
1860 2410 2047 2486 patre
2117 2409 2314 2469 natus
2363 2402 2611 2485 legioni
2656 2404 2973 2468 Romanae

509 2513 957 2597 imperitasset
1003 2512 1331 2588 tribunus,
1381 2512 1560 2576 unde
1609 2510 1783 2575 infra
1827 2532 1921 2576 vs.
1974 2511 2097 2575 33:
2154 2511 2382 2575 «Nunc
2428 2509 2616 2589 laede,
2665 2531 2848 2575 nunc
2879 2511 2972 2575 la-

517 2639 754 2685 cesse.»
812 2618 910 2685 Of.
958 2618 1122 2682 Hor.
1172 2617 1310 2683 Sat.
1358 2619 1411 2682 Ι.
1459 2616 1520 2694 6,
1571 2617 1876 2683 45—50:
1936 2617 2163 2682 «Nunc
2212 2618 2297 2680 ad
2350 2636 2458 2682 me
2519 2615 2715 2682 redeo
2777 2616 2971 2681 liber-

514 2727 658 2792 tino
703 2730 891 2810 patre
939 2728 1196 2799 natum,
1271 2725 1484 2808 Quem
1531 2724 1785 2789 rodunt
1830 2744 2061 2789 omnes
2122 2723 2433 2788 libertino
2478 2727 2665 2806 patre
2714 2725 2971 2797 natum,

514 2832 705 2898 Nunc
753 2833 909 2915 quia
955 2832 1082 2896 sim
1126 2830 1267 2910 tibi,
1316 2830 1662 2908 MaecenaS,
1712 2830 2069 2909 convictor,
2118 2834 2189 2895 at
2221 2830 2401 2907 olim,
2437 2830 2629 2910 Quod
2662 2829 2829 2895 mihi
2858 2849 2973 2913 pa-

512 2943 685 3004 reret
729 2940 899 3023 legio
946 2940 1252 3004 Romana
1297 2938 1623 3003 tribun0.»
1683 2938 1879 3018 Quod
1925 2938 2240 3003 Horatius
2288 2941 2461 3003 certe
2510 2958 2675 3020 segre
2723 2936 2977 3002 ferebat

515 3066 591 3111 eo
638 3046 1058 3129 potissimum
1106 3049 1423 3127 tempore,
1474 3065 1627 3109 cum
1691 3064 1770 3107 ex
1816 3044 2012 3120 bello,
2062 3044 2179 3109 ubi
2223 3046 2360 3109 iam
2404 3044 2713 3109 tribunus
2760 3044 2977 3107 fuerat

517 3154 750 3236 iusque
799 3152 926 3217 sibi
973 3150 1424 3234 adquisiverat
1468 3149 1552 3216 ad
1601 3151 1892 3216 honores
1939 3172 2239 3217 summos
2285 3151 2769 3235 adipiscendos,
2804 3151 2978 3214 inter

514 3260 722 3324 victos
768 3259 1033 3324 rediens
1081 3278 1369 3343 agroque
1416 3262 1692 3342 paterno
1741 3258 2071 3323 veteranis
2135 3258 2558 3325 triumvirum
2624 3258 2974 3339 adsignato

515 3366 836 3450 spoliatus
884 3365 1207 3448 scriptum
1254 3364 1706 3448 quaestorium
1757 3366 1883 3429 sibi
1943 3386 2323 3449 comparare
2390 3370 2657 3430 coactus
2706 3368 2824 3429 est.
2874 3363 2971 3429 Of.

512 3474 675 3538 Hor.
740 3472 951 3556 Epist.
1017 3472 1102 3537 11.
1154 3473 1215 3551 2,
1285 3472 1579 3537 47—52:
1639 3471 2035 3556 «civilisque
2082 3472 2319 3538 rudem
2366 3472 2525 3537 belli
2570 3466 2727 3537 tulit
2772 3473 2971 3535 aestus

513 3578 584 3644 in
632 3598 817 3644 arma
865 3576 1140 3643 Caesaris
1185 3580 1468 3661 Augusti
1534 3600 1671 3644 non
1735 3600 2134 3662 responsura
2199 3579 2481 3658 lacertis,
2530 3578 2723 3643 Unde
2772 3578 2972 3642 simul

512 3684 805 3769 primum
851 3705 959 3750 me
1009 3684 1315 3750 dimisere
1364 3685 1674 3770 Philippi,
1707 3686 1965 3751 Decisis
2013 3686 2339 3752 humilem
2386 3686 2627 3769 pennis
2672 3685 2974 3768 inopem·

515 3813 642 3875 que
688 3793 951 3876 paterni
996 3792 1083 3856 Et
1128 3793 1284 3856 laris
1331 3796 1396 3857 et
1443 3792 1636 3857 fundi
1667 3796 2026 3876 paupertas
2057 3793 2344 3875 impulit,
2378 3794 2596 3858 audax
2625 3791 2715 3857 Ut
2745 3812 2973 3857 versus

512 3900 854 3963 facerem.»
910 3897 1142 3963 Simile
1193 3898 1353 3982 quid
1400 3898 1460 3962 ei
1507 3899 1805 3963 evenisse
1855 3899 2118 3963 videtur
2162 3901 2297 3965 iam
2343 3900 2415 3965 in
2463 3900 2693 3965 castris
2741 3899 2970 3973 Bruti:

512 4006 594 4071 cf.
640 4004 958 4088 Porphyr.
1007 4005 1092 4069 ad
1139 4006 1300 4070 Hor.
1351 4004 1488 4069 Sat.
1537 4006 1588 4071 Ι.
1642 4007 1702 4079 7,
1761 4007 1835 4071 1:
1891 4006 1997 4072 «P.
2047 4007 2356 4090 Rupilius
2389 4006 2781 4089 cognomine
2814 4008 2972 4082 Reiz,

510 4111 954 4177 Praenestinus
987 4161 1004 4177 .
1040 4160 1055 4176 .
1092 4162 1108 4177 .
1147 4111 1556 4196 proscriptus
1602 4133 1643 4177 a
1687 4113 2053 4179 triumviris
2100 4113 2399 4197 confugit
2443 4113 2528 4177 ad
2574 4114 2859 4178 Brutum
2910 4117 2976 4178 et

511 4220 683 4284 inter
746 4221 1020 4285 comites
1087 4220 1354 4285 habitus
1421 4224 1539 4285 est.
1610 4220 1710 4286 Ibi
1774 4222 2175 4287 militantem
2241 4221 2596 4287 Horatium
2657 4222 2973 4287 Flaccum

510 4324 720 4408 iurgio
767 4325 1114 4405 lacessivit,
1161 4330 1430 4410 propter
1476 4327 1654 4410 quod
1704 4328 2223 4393 amaritudinem
2271 4328 2407 4393 stili
2453 4317 2650 4411 poeta
2696 4328 2764 4391 in
2815 4347 2971 4392 eum

510 4432 825 4497 strinxit.»
882 4432 973 4498 Ut
1017 4432 1218 4515 igitur
1263 4434 1331 4497 P.
1379 4434 1729 4517 Rupilium
1778 4435 1962 4500 ultus
2012 4440 2110 4500 est
2157 4434 2507 4501 scribendo
2541 4434 2609 4498 in
2645 4454 2800 4499 eum
2834 4433 2972 4499 Sat.

509 4540 564 4605 Ι.
614 4540 698 4618 7.,
745 4539 839 4603 ita
884 4538 1184 4605 invectus
1232 4543 1332 4605 est
1377 4540 1504 4605 hoc
1551 4541 1764 4625 epodo
1815 4542 1886 4606 in
1932 4542 2329 4607 Pediatium.
2376 4580 2463 4587 —
2519 4534 2608 4607 Ut
2639 4549 2807 4618 ante,
2840 4561 2969 4608 vec-

1689 4666 1794 4717 319
