3525 5384
560 425 647 488 20
1490 446 1690 490 carza
1736 430 2066 491 uniamur.

554 620 698 685 eius
745 620 1152 705 compererit.
1203 619 1300 686 Cf.
1348 619 1494 686 Val.
1541 621 1715 686 Max.
1755 620 1849 688 11.
1899 622 1960 698 92,
2012 623 2091 686 9:
2144 623 2523 707 «Equestris
2556 643 2707 687 vero
2757 623 3009 687 ordinis

555 727 862 791 iuventus
910 727 1218 793 omnibus
1264 728 1462 792 annis
1513 728 1612 793 bis
1683 727 1931 794 Urbem
1996 730 2371 812 spectaculo
2429 730 2533 793 sui
2580 730 2703 793 sub
2750 730 3009 812 magnis

553 834 936 899 auctoribus
997 834 1304 912 celebrat,
1371 833 1476 898 die
1540 834 2007 918 Lupercalium
2071 840 2137 901 et
2197 832 2481 925 equitum
2540 833 3009 923 probationem

555 939 668 1005 ov.
743 942 934 1006 Trist.
1002 941 1088 1007 11.
1161 942 1456 1006 89—90.
1525 941 1634 1019 (ad
1704 943 2082 1025 Augustum
2130 940 2210 1007 de
2258 964 2327 1007 se
2377 943 2596 1025 equite
2645 946 3003 1022 Romano):

562 1048 700 1127 «At,
748 1048 1066 1136 memini„
1089 1048 1424 1131 vitamque
1469 1068 1691 1113 meam
1739 1069 2085 1133 moresque
2122 1046 2454 1138 probabas
2486 1050 2627 1124 Illo,
2665 1070 2861 1131 quem
2896 1051 3006 1113 de-

554 1154 761 1231 doras,
809 1154 1267 1238 praetereuntis
1315 1174 1568 1239 equ0»;
1619 1154 1801 1221 Suet.
1872 1155 2103 1221 Claud.
2176 1159 2275 1223 16.
2325 1157 2429 1235 (de
2479 1176 2761 1221 censura
2810 1156 3006 1221 Clau·

553 1261 702 1341 dii):
760 1263 1266 1345 «Recognitione
1315 1262 1618 1345 equitum
1665 1262 1977 1327 iuvenem
2022 1263 2247 1346 probri
2293 1265 2589 1347 plenum,
2640 1265 2758 1328 sed
2806 1285 3007 1346 quem

551 1372 740 1450 pater
797 1365 1327 1456 probatissimum
1397 1370 1524 1433 sibi
1588 1368 1963 1445 affirmavit,
2032 1370 2172 1435 sine
2238 1370 2607 1453 ignominia
2687 1372 2996 1436 dimisit.»

553 1468 929 1562 Improbari
972 1479 1197 1540 autem
1244 1476 1652 1549 dicebantur,
1703 1477 1816 1561 qui
1861 1476 1933 1542 in
1982 1476 2105 1559 hac
2150 1478 2600 1560 recognitione
2634 1500 2674 1542 a
2734 1499 3005 1543 censore

553 1586 670 1645 aut
717 1581 800 1645 ab
863 1582 994 1647 alio
1027 1583 1444 1666 ‚magistratu
1511 1603 1789 1648 munere
1852 1584 2141 1649 censoris
2191 1585 2507 1667 fungente
2555 1586 3001 1659 notabantur;

553 1688 634 1753 cf.
682 1687 957 1753 Sueton.
1007 1688 1230 1754 Octav.
1281 1691 1384 1753 39.
1432 1690 1536 1768 (de
1586 1688 1946 1754 Octaviano
1994 1711 2336 1756 censorem
2384 1695 2679 1773 agente):
2728 1712 3001 1755 «unum-

552 1814 877 1878 quemque
943 1796 1241 1878 equitum
1306 1795 1633 1859 rationem
1697 1795 1850 1860 vitae
1914 1797 2188 1861 reddere
2238 1800 2452 1880 coegit
2506 1805 2705 1882 atque
2754 1819 2832 1862 ex
2879 1795 3001 1862 im-

547 1898 838 1989 probatis
868 1903 1032 1967 alios
1062 1924 1280 1987 poena,
1314 1902 1479 1967 alios
1509 1903 1877 1985 ignominia
1907 1906 2178 1978 notavit,
2210 1906 2435 1987 plures
2468 1906 2997 1971 admonitione.»

554 2012 709 2075 Post
771 2010 1045 2092 longum
1111 2010 1535 2074 intervallum
1602 2031 1906 2075 censores
1973 2011 2171 2075 creati
2236 2017 2396 2076 sunt
2443 2035 2483 2077 a
2534 2013 2897 2077 triumviris
2945 2034 3003 2077 a.

553 2118 658 2182 42.
706 2137 765 2181 a.
815 2117 967 2183 Chr.
1032 2139 1099 2181 n.
1148 2120 1302 2180 ante
1365 2136 1662 2199 pugnam
1723 2118 2257 2201 Philippensem3
2306 2124 2539 2202 postea
2603 2120 3005 2185 Octavianus

547 2225 691 2307 ipse
739 2225 1098 2308 saepissime
1148 2245 1410 2288 summa
1457 2245 1608 2289 cum
1659 2226 2006 2289 severitate
2075 2226 2475 2308 fungebatur
2527 2246 2804 2289 munere
2854 2245 3002 2289 cen-

555 2332 755 2406 soris;
807 2332 885 2395 cf.
936 2330 1205 2395 Sueten.
1255 2330 1477 2395 Octav.
1528 2331 1652 2396 37:
1709 2332 1930 2395 «Nova
1975 2333 2197 2397 officia
2244 2336 2627 2413 (Augustus)
2684 2332 3002 2413 excogita-

551 2437 694 2500 vit.
731 2486 746 2501 .
783 2486 798 2500 .
832 2436 1327 2501 triumviratum
1373 2438 1635 2517 legendi
1695 2441 1967 2501 senatus
2016 2442 2081 2501 et
2145 2437 2430 2501 alterum
2492 2438 3007 2518 recognoscendi

551 2548 804 2611 turmas
852 2544 1169 2627 equitum,
1219 2545 1655 2627 quotiensque
1721 2564 1889 2626 opus
1939 2549 2187 2621 esset»;
2256 2544 2414 2608 ibid.
2466 2546 2587 2607 38:
2648 2544 3005 2627 «Equitum

549 2653 802 2715 turmas
865 2651 1245 2733 frequenter
1306 2651 1685 2732 recognovit
1748 2654 1901 2732 post
1964 2650 2231 2732 longam
2290 2649 2856 2732 intercapedinem
2906 2671 3001 2712 re-

552 2759 751 2823 ducto
799 2778 982 2823 more
1029 2758 1481 2822 travectionis»
1511 2780 1528 2831 ;
1577 2756 1734 2820 ibid.
1774 2757 1895 2819 39:
1939 2756 2361 2837 «notavitque
2394 2755 2653 2837 aliquos
2688 2758 2787 2832 (ex
2822 2756 3002 2837 equi-

552 2864 770 2944 tibus),
820 2862 998 2947 quod
1044 2862 1363 2947 pecunias
1410 2862 1769 2927 levioribus
1816 2862 2036 2925 usuris
2084 2862 2374 2926 mutuati
2428 2863 2724 2943 graviore
2774 2863 3002 2926 fenore

553 2972 1036 3036 collocassent.»
1091 3007 1181 3015 ——
1223 2964 1669 3059 improbanda,
1719 2970 1801 3032 cf.
1849 2968 2010 3032 Hor.
2058 2969 2271 3051 Epod.
2321 2972 2382 3045 5,
2432 2968 2511 3031 8:
2571 2970 2728 3032 «Per
2760 2970 3003 3051 impro-

552 3078 1051 3143 baturum·haec
1117 3078 1404 3142 Iovem·
1459 3112 1547 3119 —
1574 3070 1821 3162 furta.
1857 3125 1872 3139 .
1910 3125 1923 3139 .
1959 3083 2097 3153 tua,
2169 3076 2423 3139 furtum
2491 3076 2694 3139 obicit
2749 3076 3005 3139 cinaedo

552 3184 783 3249 Thallo
850 3185 1050 3248 etiam
1116 3184 1360 3248 Catull.
1413 3184 1517 3259 25,
1569 3182 1784 3259 6—9.,
1835 3183 2041 3271 quod,
2077 3202 2343 3246 carmen
2391 3181 2711 3245 Horatius
2761 3182 2828 3244 in
2878 3181 3005 3245 hoc

552 3292 764 3378 epodo
813 3297 966 3357 ante
1014 3293 1242 3356 oculos
1291 3290 1556 3355 habuit:
1618 3290 1941 3355 «Remitte
1989 3290 2267 3373 pallium
2315 3288 2481 3352 mihi
2529 3307 2775 3363 meum,
2828 3287 3005 3370 quod

548 3400 878 3476 involasti,
929 3397 1418 3479 Sudariumque
1469 3398 1793 3460 caetabum
1829 3398 2394 3479 catagraphosque
2429 3396 2714 3478 ThynOS,
2752 3396 3004 3477 Inepte,

554 3527 696 3589 quae
743 3506 966 3589 palam
1014 3505 1184 3568 soles
1232 3503 1473 3567 habere
1521 3508 1866 3585 tamquam
1914 3505 2107 3580 avita,
2160 3502 2318 3581 Quae
2355 3523 2536 3565 nunc
2570 3502 2701 3565 tuis
2749 3502 2831 3563 ab
2879 3522 3004 3564 un·

551 3612 1181 3695 guibus.reglutina
1243 3616 1308 3673 et
1369 3610 1714 3686 remitte»;
1788 3609 2020 3673 eodem
2093 3609 2292 3672 modo
2343 3605 2581 3672 Catull.
2635 3611 2738 3684 33,
2800 3610 3005 3672 1—2:

561 3720 650 3785 «Ο
677 3714 919 3805 surum
969 3718 1216 3801 optime
1263 3716 1775 3793 balneariorum,
1827 3715 2113 3779 Vibenni
2159 3721 2347 3797 pater
2418 3719 2482 3777 et
2530 3709 2795 3779 cinaede
2842 3714 2997 3777 fili.»

550 3827 733 3891 Talia
779 3828 955 3890 furta.
1001 3824 1334 3889 commisit
1379 3824 1653 3889 fortasse
1701 3824 1901 3887 etiam
1949 3823 2306 3886 Pediatius.
2356 3822 2641 3885 Furtum
2692 3826 2756 3884 et
2790 3821 3004 3903 impu-

553 3934 867 4012 dicitiam,
919 3938 992 3997 ut
1041 3933 1167 3996 hoc
1214 3933 1380 4010 1000,
1439 3932 1638 3995 etiam
1702 3931 1911 4014 Epist.
1960 3929 2011 3994 Ι.
2067 3932 2167 4003 16,
2220 3931 2323 3993 36.
2376 3936 2441 3992 et
2489 3929 2595 3992 38.
2644 3948 2783 3991 una
2829 3948 3006 3991 com-

552 4046 877 4105 memorat
923 4040 1280 4106 Horatius:
1339 4040 1580 4116 «Idem,
1629 4038 1683 4101 si
1733 4038 1975 4101 clamet
2000 4032 2237 4120 furem,
2273 4043 2467 4119 neget
2500 4055 2637 4100 esse
2669 4031 3004 4124 pudicum,

553 4149 861 4213 Mordear
904 4145 1270 4231 opprobriis
1318 4145 1582 4209 falsisP»
1639 4182 1725 4188 —
1772 4139 2101 4220 dicantur,
2138 4164 2225 4207 sc.
2263 4143 2503 4207 Caesari
2535 4164 2814 4207 munere
2852 4164 3002 4207 cen-

553 4256 724 4321 sorio
773 4256 1092 4337 fungenti.
2824 4337 2831 4345 1

766 4364 839 4427 V.
898 4362 1174 4425 11-12.
1223 4356 1507 4427 helluato
1540 4405 1556 4422 .
1593 4410 1606 4423 .
1644 4408 1659 4423 .
1690 4356 2115 4448 patrimonzb,
2166 4356 2401 4420 habuit
2446 4356 2624 4419 enim
2673 4357 3007 4421 Pediatius

552 4469 1034 4554 patrimonium
1080 4468 1457 4542 honestum,
1510 4467 1686 4550 quod
1736 4467 2144 4532 helluatione
2192 4464 2517 4547 perdidit;
2554 4465 2637 4527 cf.
2670 4463 2834 4529 Hor.
2870 4464 3005 4529 Sat.

554 4579 604 4643 I.
640 4579 700 4653 8,
753 4578 868 4642 39:
927 4570 1210 4642 «Helluo
1257 4578 1359 4641 vel
1395 4576 1669 4657 fragiliS,
1702 4574 2031 4641 Pediatia»
2066 4578 2130 4640 et
2176 4574 2492 4656 Porphyr.
2528 4571 2613 4635 ad
2659 4574 2821 4641 Hor.
2871 4573 3005 4640 Sat.

1728 4700 1834 4752 321.
