3525 5384
1327 476 1411 519 DE
1456 475 1720 519 nonu-11
1764 475 1971 519 mono
2019 475 2197 518 xvm.
2893 457 2967 520 21

525 652 577 714 Ι.
650 652 709 727 8,
764 653 889 716 39:
965 650 1338 716 «Pediatius
1408 670 1607 733 eques
1653 653 1998 715 Romanus
2052 651 2331 716 honesto
2376 650 2774 733 patrimonio
2824 671 2974 715 con-

526 760 810 842 sumpto,
827 783 849 815 »
906 758 1225 822 Horatius
1272 762 1425 822 ante
1475 758 1706 822 oculos
1753 757 1990 822 habuit
2052 756 2391 823 Ciceronis
2437 757 2584 835 (Pro
2633 755 2797 823 Sest.
2848 758 2980 835 26.)

523 866 728 928 verba
794 865 863 928 in
930 866 1002 929 L.
1072 864 1506 948 Calpurnium
1574 864 1920 928 Pisonem:
1997 864 2139 928 «Me
2189 866 2412 947 ipsum
2458 869 2535 929 ut
2582 864 2979 949 contempsit

525 966 736 1037 helluo
783 972 1043 1054 patriae!
1096 972 1263 1035 Nam
1313 972 1469 1056 quid
1519 992 1638 1055 ego
1671 968 2076 1061 patrimonii
2123 972 2360 1048 dicam,
2393 972 2570 1055 quod
2602 972 2712 1037 ille
2744 976 2977 1047 totum,

528 1078 829 1160 quamvis
900 1084 1230 1161 quaestum
1277 1082 1388 1157 (sc.
1440 1099 1710 1163 corpore
1734 1083 1775 1157 Ξ)
1823 1080 2084 1153 faceret,
2134 1075 2394 1146 amisit»
2450 1083 2517 1142 et
2563 1078 2695 1144 Cic.
2744 1081 2889 1161 Agr.
2926 1080 2979 1142 I.

534 1187 605 1247 1:
665 1191 777 1249 «ut
821 1183 1123 1273 impurus
1172 1181 1385 1252 helluo
1432 1187 1656 1250 turbet
1699 1206 1839 1249 rem
1905 1184 2245 1269 publicam
2277 1233 2294 1249 .
2328 1233 2345 1248 .
2383 1233 2398 1247 .
2431 1189 2509 1249 ut
2552 1185 2628 1249 fit
2673 1207 2809 1251 non
2857 1186 2977 1249 mi-

527 1313 653 1355 nus
701 1290 775 1357 in
822 1293 1054 1376 populi
1101 1293 1392 1357 Romani
1435 1289 1837 1381 patrimonio
1900 1311 2094 1381 nepos
2156 1311 2358 1374 quam
2403 1292 2471 1355 in
2520 1312 2679 1356 suo»
2738 1296 2803 1357 et
2849 1292 2977 1358 Cic.

525 1401 623 1463 De
671 1400 846 1463 dom.
901 1401 1020 1464 ⁶25:
1080 1400 1418 1464 «helluoni
1464 1400 1957 1483 spurcatissimo
1995 1446 2011 1462 .
2046 1447 2061 1461 .
2098 1450 2112 1463 .
2149 1398 2409 1463 homini
2442 1400 2866 1479 egentissimo
2915 1403 2981 1463 et

527 1506 1099 1580 facinerosissimo,
1129 1506 1324 1571 Sexto
1353 1505 1643 1571 Clodio.»
1675 1543 1758 1550 —
1783 1501 2085 1581 helluato,
2117 1504 2525 1569 helluatione
2550 1509 2977 1588 consumpto:

528 1612 610 1676 cf.
660 1612 900 1678 Catull.
955 1614 1059 1689 29,
1116 1615 1414 1678 16—17:
1474 1614 1750 1677 «Parum
1816 1612 2180 1696 expatravit
2240 1631 2327 1675 an
2374 1631 2612 1695 parum
2657 1606 2981 1680 helluatus

530 1723 676 1784 est?
721 1722 1008 1784 Paterna
1071 1720 1289 1804 prima
1353 1720 1693 1785 lancinata
1754 1724 1914 1783 sunt
1960 1720 2224 1795 bonam
2276 1716 2444 1783 Gell.
2493 1718 2568 1783 N.
2616 1721 2693 1784 A.
2738 1719 2824 1783 ΙΙ.
2874 1719 2978 1795 24,

535 1826 648 1890 11:
706 1847 896 1889 «eum
931 1875 946 1889 .
983 1875 996 1889 .
1037 1877 1052 1892 .
1086 1827 1384 1910 plerique
1429 1823 1506 1891 in
1542 1821 1974 1912 patrimoniis
2022 1826 2257 1909 amplis
2305 1820 2745 1892 helluarentur
2790 1829 2857 1889 et
2888 1826 2979 1888 fa-

529 1932 783 1996 miliam
830 1934 1320 2016 pecuniamque
1370 1952 1558 1996 suam
1627 1932 2065 2016 prandiorum
2130 1933 2713 2017 conviviorumque
2766 1931 2979 2014 gurgi·

529 2042 706 2106 tibus
768 2044 1228 2125 proluissent.»
1305 2040 1651 2106 Notandus
1719 2044 1942 2105 autem
1992 2042 2171 2124 apud
2232 2042 2609 2119 Horatium,
2659 2046 2737 2106 ut
2780 2041 2980 2107 etiam

529 2149 709 2232 apud
759 2148 1120 2224 Catullum,
1172 2148 1560 2212 transitivas
1627 2148 1829 2211 huius
1885 2148 2065 2212 verbi
2130 2169 2382 2214 sensus.
2429 2186 2516 2193 —
2562 2169 2707 2215 sera
2741 2196 2757 2213 .
2791 2197 2806 2213 .
2843 2198 2858 2213 .
2893 2144 2981 2214 In

511 2260 739 2343 fratre
770 2253 1211 2344 parsimonia,
1262 2256 1522 2320 videtur
1564 2256 1903 2320 Pediatius
1951 2255 2183 2320 fratres
2230 2255 2521 2320 minores
2567 2276 2706 2320 non
2758 2255 2871 2333 ita,
2906 2258 2983 2319 ut

531 2363 821 2445 equitem
885 2365 1268 2427 Romanum
1333 2363 1629 2441 decebat,
1697 2363 2082 2427 educandos
2153 2362 2519 2436 curavisse;
2583 2363 2764 2428 unde
2812 2362 2985 2427 infra

529 2490 658 2534 vss.
709 2470 1010 2533 37—38:
1073 2469 1360 2534 «Videbo
1408 2470 1766 2534 habentem
1803 2478 2065 2558 praeter
2119 2466 2390 2555 iynavos
2436 2469 2605 2534 nihil
2656 2466 2975 2536 Fratres.»

530 2576 760 2658 Ignavi
809 2576 1061 2641 scilicet
1106 2578 1339 2640 fratres
1389 2576 1666 2641 Pediatii
1712 2576 1870 2639 facti
1918 2577 2095 2653 sunt,
2146 2596 2297 2639 cum
2360 2575 2530 2639 nihil
2578 2576 2841 2641 honesti
2888 2576 2981 2639 di-

533 2683 865 2748 dicissent.
927 2683 1350 2748 Contrarium
1417 2684 1649 2747 laudat
1712 2682 1873 2747 Hor.
1943 2683 2159 2747 Carm.
2226 2683 2312 2745 ΙΙ.
2363 2684 2421 2761 2,
2492 2684 2703 2748 5—6:
2762 2685 2987 2749 «Vivet

535 2795 798 2855 extento
865 2790 1253 2855 Proculeius
1317 2812 1453 2855 aevo
1523 2793 1733 2855 Notus
1800 2792 1868 2853 in
1936 2791 2168 2853 fratres
2233 2791 2442 2853 animi
2510 2792 2827 2873 paterni.»
2896 2828 2982 2835 —

527 2914 673 2962 sera
707 2943 722 2959 .
761 2943 776 2958 .
815 2944 829 2957 .
859 2895 1300 2985 parsimonia,
1351 2896 1623 2960 sordida
1670 2897 1848 2960 enim
1896 2897 1965 2959 in
2015 2896 2281 2959 fratrem
2330 2896 2605 2960 avaritia
2636 2916 2772 2960 non
2808 2908 2985 2961 com-

527 3002 940 3084 pensabatur
1005 3003 1326 3068 helluatio
1393 3004 1675 3086 pristina
1740 3002 2055 3079 Pediatii3
2124 3003 2207 3067 cf.
2273 3003 2543 3069 Hesiod.
2601 3003 2767 3087 Opp.
2820 3006 2985 3069 369:

535 3108 706 3195 δειλὴ
760 3108 813 3171 δ’
864 3108 951 3171 ἐνὶ
999 3113 1264 3195 πὺθμενι
1312 3112 1503 3196 φειδὼ
1538 3117 1602 3175 et
1633 3110 1863 3174 Senec.
1897 3110 2108 3193 Epist.
2149 3111 2205 3185 1,
2238 3111 2315 3175 5:
2358 3108 2555 3175 «Sera
2584 3112 2989 3194 parsimonia

529 3216 598 3279 in
650 3217 858 3280 fundo
909 3221 1070 3292 est»,
1121 3219 1162 3280 i.
1215 3238 1268 3282 e.
1320 3239 1474 3282 cum
1520 3239 1841 3281 nummus
1902 3218 2035 3280 iam
2085 3218 2153 3280 in
2217 3217 2352 3282 imo
2399 3219 2610 3283 fundo
2657 3240 2822 3284 arcae
2872 3224 2988 3294 est,

534 3342 686 3386 cum
735 3324 868 3386 iam
919 3324 1283 3388 admodum
1334 3325 1531 3407 pauci
1578 3326 1837 3389 nummi
1886 3330 2045 3388 sunt
2091 3326 2158 3387 in
2209 3344 2379 3389 arca.

743 3430 816 3492 V.
875 3430 1155 3493 13—16.
1205 3441 1352 3497 acta
1417 3452 1621 3521 puero
1671 3452 1815 3497 cum
1870 3429 2030 3497 viris
2076 3428 2398 3509 convivia,
2448 3426 2755 3515 parentes
2804 3433 2982 3496 enim

527 3536 807 3600 Pediatii
826 3558 1062 3620 parum
1100 3539 1452 3621 diligenter
1476 3540 1934 3605 custodierunt
1957 3541 2349 3623 pudicitiam
2375 3540 2534 3617 filii;
2560 3542 2638 3603 cf.
2666 3540 2979 3623 Porphyr.

531 3646 613 3708 ad
659 3646 821 3710 Hor.
871 3644 1005 3709 Sat.
1054 3647 1106 3711 I.
1155 3648 1216 3722 8,
1269 3648 1392 3712 39:
1451 3647 1821 3711 «Pediatius
1871 3668 2071 3731 eques
2104 3650 2445 3731 Romanus
2476 3697 2491 3711 .
2533 3698 2547 3711 .
2584 3696 2597 3710 .
2634 3646 2981 3729 indulgen-

528 3753 623 3816 tia
667 3757 1020 3835 parentum
1069 3754 1289 3818 mollis
1339 3760 1651 3831 evaserat,
1701 3758 1780 3818 ut
1844 3775 2112 3819 omnem
2159 3755 2506 3818 libidinem
2553 3774 2705 3818 cum
2755 3754 2980 3837 volup·

530 3864 663 3924 tate
709 3864 1099 3943 pateretur.»
1139 3898 1222 3905 —
1267 3856 1570 3947 Udaeque
1599 3881 1713 3949 per
1741 3880 2036 3927 somnum
2068 3870 2269 3939 nateS,
2303 3861 2425 3925 viri
2454 3861 2655 3942 igitur
2699 3880 2982 3943 puerum

531 3968 899 4032 Pediatium
949 3968 1351 4033 inebriatum
1401 3973 2017 4051 constupraverunt.
2069 4006 2155 4013 ——-
2208 3976 2405 4045 nates,
2470 3974 2548 4032 ut
2595 3967 2837 4033 Catull.
2874 3969 2980 4049 33,

540 4077 727 4137 1—2.
777 4078 844 4137 et
891 4076 1124 4139 5—8.:
1186 4073 1275 4138 «Ο
1325 4077 1548 4139 furum
1598 4075 1846 4158 optime
1895 4076 2409 4153 balneariorum,
2459 4074 2745 4139 Vibenni
2798 4080 2987 4160 pater

529 4186 596 4244 et
643 4181 893 4244 cinaede
940 4181 1088 4245 fili.
1125 4232 1139 4245 .
1179 4232 1192 4246 .
1230 4182 1364 4247 Cur
1411 4204 1544 4247 non
1595 4183 1865 4246 exilium
1912 4184 2253 4265 malasque
2301 4183 2370 4246 in
2420 4166 2569 4247 oras
2600 4181 2739 4259 Itis,
2776 4203 2981 4265 quan-

535 4286 896 4370 doquidem
944 4289 1149 4370 patris
1197 4290 1450 4372 rapinae
1497 4289 1679 4354 Notae
1727 4294 1885 4354 sunt
1930 4290 2181 4372 populo
2217 4293 2284 4353 et
2322 4297 2502 4355 nates
2533 4289 2797 4372 pilosas,
2834 4288 2984 4367 Fili,

532 4415 668 4457 non
734 4399 922 4478 potes
988 4416 1130 4460 asse
1197 4396 1592 4461 venditare.»
1649 4434 1736 4442 —
1782 4394 1987 4462 inscio
2031 4404 2286 4483 repente
2355 4392 2705 4461 clamatum
2773 4415 2982 4483 super,

533 4501 789 4565 codices
839 4502 1090 4567 habent
1135 4500 1424 4592 insuper,
1473 4503 1587 4568 sed
1651 4502 1919 4593 insuper
1978 4503 2465 4587 praepositionis
2512 4502 2652 4567 vice
2700 4505 2985 4583 fungens

533 4608 720 4689 iungi
786 4610 954 4673 solet
1018 4630 1170 4673 cum
1237 4610 1631 4685 accusativ0,
1699 4631 1837 4674 non
1908 4630 2064 4674 cum
2131 4610 2441 4687 ablativO,
2504 4614 2583 4674 ut
2642 4610 2985 4675 hocloco.

1705 4734 1811 4786 3025
