3525 5384
1304 474 1393 518 nu
1436 473 1703 519 nomm
1748 473 1956 519 upono
2001 475 2180 518 xvm.
2883 457 2963 522 19

512 649 774 732 ignavo,
841 651 957 735 qui
1010 652 1241 734 lingua
1304 655 1570 717 tantum
1628 651 1920 734 maligna
1984 652 2195 728 valet3
2265 657 2362 718 est
2430 653 2631 735 igitur
2683 673 2837 720 cum
2885 673 2963 718 eo
3035 651 3040 654 ’

511 757 741 840 lingua-
804 758 1266 842 pugnandum.
1316 795 1404 804 -
1466 779 1596 848 qua
1655 779 1786 846 par
1848 755 1974 825 sim
2040 755 2180 836 tibi,
2248 760 2453 824 codex
2519 760 2965 825 Bruxellensis

514 864 749 930 habet:
808 885 977 948 «qua
1022 861 1223 932 assim
1271 865 1473 942 tibi»;
1524 885 1643 948 ego
1692 865 2082 930 emendavi:
2125 883 2260 950 par
2307 863 2465 940 sim,
2512 866 2554 931 i.
2605 888 2660 931 e.
2697 887 2963 950 qua.me

513 972 634 1036 tibi
694 993 923 1056 parem
987 972 1337 1056 praestabo.
1407 971 1603 1056 Origo
1672 973 2093 1056 corruptelae:
2165 993 2285 1057 pro
2325 969 2584 1062 parsim
2627 974 2969 1056 legebatur

504 1075 783 1170 passim.
837 1082 941 1144 An
991 1079 1417 1145 scribendum
1464 1097 1870 1161 assurgam,
1903 1085 1981 1144 ut
2011 1081 2416 1145 contrarium
2450 1080 2534 1152 sit
2569 1079 2968 1164 praecedenti

514 1185 721 1253 iacere
766 1189 881 1266 (ve.
936 1189 1069 1265 1.)5›
1120 1186 1218 1252 Of.
1266 1186 1458 1270 Verg.
1505 1188 1667 1251 Aen.
1717 1186 1800 1251 X.
1850 1188 2151 1252 94—95:
2229 1207 2445 1251 «nunc
2493 1207 2638 1251 sera
2687 1187 2966 1270 querelis

515 1295 718 1360 Haud
764 1296 957 1360 iustis
1004 1291 1295 1380 assurqis
1342 1297 1407 1358 et
1450 1294 1637 1360 irrita
1682 1294 1896 1376 iurgia
1941 1295 2210 1358 iactas».

727 1403 805 1468 V.
856 1403 893 1465 7
902 1404 1052 1467 —8.
1102 1398 1234 1468 Per
1269 1399 1675 1491 prostitutae,
1724 1401 1982 1465 codices
2016 1401 2268 1465 habent
2299 1394 2393 1466 Et
2419 1398 2817 1488 prostitutae,
2851 1401 2969 1464 ubi

514 1508 811 1574 Ribbeck
858 1529 978 1590 pro
1027 1505 1124 1576 Et
1167 1509 1530 1574 rectissime
1597 1508 1884 1572 coniecit
1925 1504 2100 1582 Per3
2149 1511 2228 1571 ut
2272 1495 2453 1571 enim
2502 1507 2805 1572 homines
2852 1508 2967 1573 ob-

519 1615 745 1682 testari
794 1615 1083 1700 aliquem
1132 1616 1351 1681 solent
1398 1635 1517 1698 per
1562 1619 1762 1698 caput
1810 1617 2091 1679 fratrum
2140 1619 2259 1680 aut
2306 1635 2606 1680 sororum
2656 1616 2820 1692 eine,
2876 1615 2971 1679 ita

514 1721 644 1787 hoc
689 1722 836 1786 loco
883 1722 1202 1787 Horatius
1250 1720 1490 1786 acerba
1535 1741 1687 1785 cum
1734 1720 1949 1785 ironia
1993 1740 2111 1804 per
2156 1721 2671 1786 contubernium
2731 1721 2968 1786 sororis

514 1829 794 1893 Pediatii
837 1830 1032 1894 iurat.
1081 1865 1171 1874 —-
1205 1826 1589 1916 prostitutae
1643 1837 1833 1915 turpe
1895 1823 2380 1894 contubernium
2428 1823 2708 1906 Sororis‚
2755 1828 2973 1910 agitur

518 1937 599 2001 de
648 1957 870 2001 sorore
918 1936 1235 2014 Pediatii3
1286 1937 1368 2001 cf.
1416 1934 1732 2019 Porphyr.
1782 1936 1866 1998 ad
1912 1935 2076 1998 Hor.
2125 1935 2261 2000 Sat.
2309 1936 2360 1999 Ι.
2411 1937 2472 2013 8,
2523 1936 2646 2000 39:
2704 1935 2970 2000 «Pedia-

518 2046 650 2110 tius
698 2065 897 2128 eques
945 2047 1287 2108 Romanus
1337 2044 1616 2106 honesto
1664 2041 2066 2125 patrimonio
2118 2045 2516 2123 consumpto
2548 2040 2750 2106 etiam
2780 2037 2968 2107 casti·

518 2159 712 2216 tatem
775 2148 1018 2218 sororis
1083 2144 1522 2216 vendiderat.»
1578 2185 1665 2191 —-
1713 2157 1897 2235 turpe
1961 2143 2470 2226 contubernium,
2517 2149 2734 2230 agitur
2792 2148 2970 2211 enim

521 2258 601 2321 de
667 2257 1116 2322 concubinatu
1184 2256 1457 2338 indigno
1523 2255 1764 2319 sororis
1813 2255 2051 2336 equitis
2097 2255 2404 2320 Romani.
2453 2254 2731 2319 Videtur
2773 2255 2974 2338 igitur

413 2383 420 2392 ·
518 2364 853 2428 Pediatius
900 2364 1345 2446 virginitatem
1394 2362 1633 2427 sororis
1703 2361 1892 2426 diviti
1957 2361 2221 2425 cuidam
2268 2381 2510 2443 magno
2557 2362 2768 2445 pretio
2816 2384 2968 2426 ven-

521 2472 782 2536 didisse.
832 2507 921 2517 —
968 2466 1475 2546 contubernium,
1525 2469 1885 2552 opponitur
1931 2468 2266 2532 connubio
2314 2469 2522 2533 iusto:
2573 2470 2972 2534 concubina·

520 2581 649 2652 tue,
697 2583 775 2643 ut
822 2578 1003 2644 Gurt.
1052 2579 1207 2642 Ruf.
1256 2578 1332 2642 V.
1383 2579 1444 2654 5,
1495 2577 1601 2640 20.
1647 2613 1735 2620 ——
1783 2594 1820 2641 o
1865 2570 2027 2662 quid
2057 2595 2156 2640 me
2187 2574 2446 2652 incitas,
2481 2576 2783 2640 similiter
2814 2576 2976 2641 dicit

522 2668 839 2751 Horatius
886 2685 1099 2768 Epod.
1149 2687 1210 2762 6,
1271 2685 1456 2749 1—4.
1508 2688 1573 2748 et
1627 2683 1922 2747 11—12:
1981 2681 2189 2761 «Quid
2225 2683 2647 2772 immerentes
2680 2682 2974 2765 hospites

522 2814 735 2869 vean,
805 2793 989 2857 canis
1055 2792 1343 2874 Ignavus
1406 2790 1757 2854 adversum
1821 2789 2068 2872 lupos‘?
2144 2789 2320 2868 Quin
2386 2789 2517 2853 huc
2587 2789 2841 2866 inance,
2920 2789 2974 2852 si

521 2905 728 2983 poteS,
794 2901 996 2964 vertis
1057 2900 1278 2963 minas
1343 2899 1429 2962 Et
1474 2918 1581 2960 me
1641 2917 2096 2960 remorsurum
2150 2897 2366 2978 petis?
2401 2945 2418 2959 .
2453 2944 2468 2959 .
2504 2947 2520 2961 .
2556 2895 2728 2961 Cave
2778 2915 2972 2960 cave:

522 3026 813 3088 namque
862 3006 932 3069 in
982 3007 1193 3069 malos
1241 3005 1643 3087 asperrimus
1687 3003 1925 3067 Parata
1971 3002 2132 3066 tollo
2181 3023 2488 3068 cornua.»
2546 3004 2714 3067 Ante
2749 3002 2975 3067 oculos

523 3094 762 3176 habfiit
810 3111 1051 3177 Gatun.
1099 3112 1209 3188 40,
1265 3113 1472 3176 1-022
1531 3110 1890 3189 «Quaenam
1936 3113 2001 3172 te
2049 3111 2227 3174 mala
2280 3129 2490 3188 mens,
2539 3110 2792 3173 misene
2844 3115 2971 3175 Ra.-

522 3219 693 3297 vide,
741 3218 894 3299 Egit
939 3218 1351 3302 praecipitem
1396 3217 1697 3285 in.meos
1742 3216 2000 3279 iambos
2017 3219 2081 3277 P»

734 3326 809 3389 V.
879 3327 1121 3390 9--10,
1188 3319 1537 3412 impudice,
1602 3325 1642 3395 i.
1714 3345 1769 3388 e.
1839 3323 2106 3408 cinaede,
2178 3328 2253 3386 ut
2314 3322 2553 3388 Catull.
2604 3324 2708 3390 29,
2765 3324 2972 3386 1—5:

530 3432 730 3511 «Quis
794 3433 921 3496 hoc
986 3436 1205 3515 potest
1267 3431 1506 3507 videre,
1573 3432 1720 3514 quis
1784 3435 1999 3513 potest
2063 3431 2225 3513 pati,
2290 3429 2432 3493 Nisi
2493 3423 2862 3517 impudicus
2911 3431 2976 3492 et

521 3558 719 3604 vorax
766 3543 831 3602 et
875 3539 1111 3618 ale0,⁴‘)
1156 3539 1565 3604 Mamurram
1612 3523 1875 3614 habere,
1911 3538 2087 3620 quod
2121 3542 2378 3601 comata
2425 3535 2640 3602 Gallia
2670 3535 2977 3600 Habebat

524 3651 679 3708 ante
728 3649 793 3708 et
838 3645 1077 3708 ultima
1126 3645 1519 3708 Britannia?
1586 3638 1876 3710 Cinaede
1941 3643 2244 3721 Romule,
2301 3643 2427 3707 hoc
2473 3643 2723 3707 videbis
2771 3646 2835 3707 et
2883 3642 2970 3706 fe-

522 3768 626 3814 res
644 3753 709 3814 5²»
789 3749 887 3815 Of.
949 3750 1150 3813 etiam
1218 3747 1458 3814 Catull.
1513 3751 1612 3826 16,
1669 3751 1874 3813 1--4z
1935 3751 2296 3814 «Pedicabo
2351 3771 2469 3834 ego
2521 3771 2634 3815 vos
2681 3754 2745 3814 et
2790 3750 2972 3813 inru-

524 3859 744 3932 mab0,
809 3856 1037 3922 Aureli
1099 3852 1365 3944 pathice
1432 3861 1497 3920 et
1562 3853 1830 3922 cinaede
1893 3856 2074 3934 Furi,
2139 3856 2267 3935 Qui
2331 3877 2440 3920 me
2502 3877 2577 3920 ex
2640 3855 2974 3940 versiculis

522 3966 688 4030 meis
736 3964 1039 4048 putastis,
1109 3964 1302 4043 Quod
1350 3968 1509 4028 sunt
1571 3960 1910 4039 molliculi,
1949 3983 2197 4053 parum
2245 3958 2558 4050 pudicum
2577 3966 2645 4025 9»
2701 3967 2768 4026 et
2812 3962 2972 4027 Hor.

522 4071 731 4154 Epist.
783 4071 833 4135 I.
885 4071 990 4149 20,
1042 4070 1103 4134 3.
1152 4070 1260 4150 (ad
1308 4070 1611 4134 libellum
1658 4090 1857 4133 suum
1907 4091 2060 4134 cum
2109 4090 2316 4152 puero
2381 4070 2660 4134 delicato
2709 4089 2971 4152 compa-

522 4181 803 4256 ratum):
863 4176 1116 4240 «Odisti
1164 4176 1378 4240 claves
1446 4181 1512 4240 et
1557 4182 1741 4258 grata
1806 4176 2018 4258 sigilla
2054 4170 2356 4264 pudico.»
2412 4211 2497 4221 —
2550 4171 2976 4264 improbande

528 4279 822 4362 Caesari,
872 4278 1001 4351 Seu
1050 4286 1193 4358 etc„
1245 4303 1442 4365 quem
1493 4282 1707 4346 Caesar
1755 4283 2155 4348 Octavianus
2202 4282 2272 4344 in
2321 4282 2627 4345 sollemni
2675 4281 2974 4365 equitum

524 4391 974 4454 Romanorum
1024 4389 1413 4472 probatione
1462 4389 1693 4453 ordine
1742 4389 2028 4472 equestri
2075 4408 2336 4451 movere
2384 4387 2666 4462 debebit,
2718 4388 2772 4451 si
2808 4389 2978 4452 facta

741 4621 793 4687 *)
832 4619 1170 4687 Legendum
1210 4619 1456 4673 fortasse
1493 4619 1611 4674 eluo
1648 4622 1686 4672 i.
1726 4637 1775 4673 e.
1813 4617 2003 4672 helluo,

1700 4727 1804 4778 323
2694 4723 2760 4774 2*
