<?xml version="1.0" encoding="UTF-8"?>
<!DOCTYPE html PUBLIC "-//W3C//DTD XHTML 1.0 Transitional//EN"
    "http://www.w3.org/TR/xhtml1/DTD/xhtml1-transitional.dtd">
<html xmlns="http://www.w3.org/1999/xhtml" xml:lang="en" lang="en">
 <head>
  <title>
</title>
<meta http-equiv="Content-Type" content="text/html;charset=utf-8" />
  <meta name='ocr-system' content='tesseract 3.04.00' />
  <meta name='ocr-capabilities' content='ocr_page ocr_carea ocr_par ocr_line ocrx_word'/>
</head>
<body>
  <div class='ocr_page' id='page_1' title='image "./deepodohoratiic00marogoog_0038.png"; bbox 0 0 3525 5384; ppageno 0'>
   <div class='ocr_carea' id='block_1_1' title="bbox 463 406 552 469">
    <p class='ocr_par' dir='ltr' id='par_1_1' title="bbox 463 406 552 469">
     <span class='ocr_line' id='line_1_1' title="bbox 463 406 552 469; baseline 0.034 -3"><span class='ocrx_word' id='word_1_1' title='bbox 463 406 552 469; x_wconf 81' lang='lat'><strong>34</strong></span> 
     </span>
    </p>
   </div>
   <div class='ocr_carea' id='block_1_2' title="bbox 1402 409 1979 473">
    <p class='ocr_par' dir='ltr' id='par_1_2' title="bbox 1402 409 1979 473">
     <span class='ocr_line' id='line_1_2' title="bbox 1402 409 1979 473; baseline 0.007 -4"><span class='ocrx_word' id='word_1_2' title='bbox 1402 428 1602 469; x_wconf 65' lang='lat' dir='ltr'><strong>emm</strong></span> <span class='ocrx_word' id='word_1_3' title='bbox 1647 409 1979 473; x_wconf 55' lang='lat' dir='ltr'><strong>ultumum</strong></span> 
     </span>
    </p>
   </div>
   <div class='ocr_carea' id='block_1_3' title="bbox 889 601 2578 1117">
    <p class='ocr_par' dir='ltr' id='par_1_3' title="bbox 891 601 2308 745">
     <span class='ocr_line' id='line_1_3' title="bbox 891 601 2308 657; baseline 0.001 -4"><span class='ocrx_word' id='word_1_4' title='bbox 891 602 980 654; x_wconf 87' lang='lat' dir='ltr'><strong>An</strong></span> <span class='ocrx_word' id='word_1_5' title='bbox 1018 601 1190 655; x_wconf 88' lang='lat' dir='ltr'><strong>fallor</strong></span> <span class='ocrx_word' id='word_1_6' title='bbox 1228 618 1474 656; x_wconf 79' lang='lat' dir='ltr'><strong>maerens</strong></span> <span class='ocrx_word' id='word_1_7' title='bbox 1514 604 1569 654; x_wconf 90' lang='lat' dir='ltr'><strong>et</strong></span> <span class='ocrx_word' id='word_1_8' title='bbox 1607 603 1691 654; x_wconf 90' lang='lat' dir='ltr'><strong>nil</strong></span> <span class='ocrx_word' id='word_1_9' title='bbox 1729 602 1847 654; x_wconf 86' lang='lat' dir='ltr'><strong>nisi</strong></span> <span class='ocrx_word' id='word_1_10' title='bbox 1884 604 2049 655; x_wconf 82' lang='lat' dir='ltr'><strong>iussa</strong></span> <span class='ocrx_word' id='word_1_11' title='bbox 2086 602 2308 657; x_wconf 83' lang='lat' dir='ltr'><strong>tributa</strong></span> 
     </span>
     <span class='ocr_line' id='line_1_4' title="bbox 964 692 2239 745; baseline 0.001 -2"><span class='ocrx_word' id='word_1_12' title='bbox 964 692 1250 745; x_wconf 86' lang='lat' dir='ltr'><strong>Persolvit</strong></span> <span class='ocrx_word' id='word_1_13' title='bbox 1289 696 1452 745; x_wconf 88' lang='lat' dir='ltr'><strong>vates</strong></span> <span class='ocrx_word' id='word_1_14' title='bbox 1492 692 1736 745; x_wconf 83' lang='lat' dir='ltr'><strong>Caesarie</strong></span> <span class='ocrx_word' id='word_1_15' title='bbox 1778 708 1941 744; x_wconf 85' lang='lat' dir='ltr'><strong>arma</strong></span> <span class='ocrx_word' id='word_1_16' title='bbox 1982 694 2239 744; x_wconf 78' lang='lat' dir='ltr'><strong>sonans?</strong></span> 
     </span>
    </p>

    <p class='ocr_par' dir='ltr' id='par_1_4' title="bbox 892 781 2578 936">
     <span class='ocr_line' id='line_1_5' title="bbox 892 781 2578 849; baseline -0.002 -17"><span class='ocrx_word' id='word_1_17' title='bbox 892 782 1097 834; x_wconf 81' lang='lat' dir='ltr'><strong>Totam</strong></span> <span class='ocrx_word' id='word_1_18' title='bbox 1137 797 1270 833; x_wconf 91' lang='lat' dir='ltr'><strong>cum</strong></span> <span class='ocrx_word' id='word_1_19' title='bbox 1310 782 1508 834; x_wconf 85' lang='lat' dir='ltr'><strong>videas</strong></span> <span class='ocrx_word' id='word_1_20' title='bbox 1531 783 1813 849; x_wconf 16' lang='lat' dir='ltr'><strong>‘animum</strong></span> <span class='ocrx_word' id='word_1_21' title='bbox 1852 781 1954 833; x_wconf 90' lang='lat' dir='ltr'><strong>uni</strong></span> <span class='ocrx_word' id='word_1_22' title='bbox 1992 781 2239 833; x_wconf 88' lang='lat' dir='ltr'><strong>vendere</strong></span> <span class='ocrx_word' id='word_1_23' title='bbox 2277 781 2542 843; x_wconf 81' lang='lat' dir='ltr'><strong>Romam,</strong></span> <span class='ocrx_word' id='word_1_24' title='bbox 2574 822 2578 829; x_wconf 91' lang='lat'>.</span> 
     </span>
     <span class='ocr_line' id='line_1_6' title="bbox 968 870 2444 936; baseline 0.001 -14"><span class='ocrx_word' id='word_1_25' title='bbox 968 870 1258 922; x_wconf 89' lang='lat' dir='ltr'><strong>Immunis</strong></span> <span class='ocrx_word' id='word_1_26' title='bbox 1298 887 1402 921; x_wconf 88' lang='lat' dir='ltr'><strong>cur</strong></span> <span class='ocrx_word' id='word_1_27' title='bbox 1441 872 1534 931; x_wconf 88' lang='lat' dir='ltr'><strong>sit,</strong></span> <span class='ocrx_word' id='word_1_28' title='bbox 1575 872 1821 936; x_wconf 85' lang='lat' dir='ltr'><strong>quisque</strong></span> <span class='ocrx_word' id='word_1_29' title='bbox 1860 870 1993 921; x_wconf 89' lang='lat' dir='ltr'><strong>serit</strong></span> <span class='ocrx_word' id='word_1_30' title='bbox 2032 870 2365 922; x_wconf 84' lang='lat' dir='ltr'><strong>citharam?</strong></span> <span class='ocrx_word' id='word_1_31' title='bbox 2440 918 2444 923; x_wconf 87' lang='lat'>.</span> 
     </span>
    </p>

    <p class='ocr_par' dir='ltr' id='par_1_5' title="bbox 889 960 2402 1117">
     <span class='ocr_line' id='line_1_7' title="bbox 889 960 2402 1027; baseline -0.001 -14"><span class='ocrx_word' id='word_1_32' title='bbox 889 960 1131 1024; x_wconf 80' lang='lat' dir='ltr'>Forsan,</span> <span class='ocrx_word' id='word_1_33' title='bbox 1171 960 1310 1013; x_wconf 88' lang='lat' dir='ltr'><strong>dum</strong></span> <span class='ocrx_word' id='word_1_34' title='bbox 1350 964 1544 1013; x_wconf 85' lang='lat' dir='ltr'><strong>cantat</strong></span> <span class='ocrx_word' id='word_1_35' title='bbox 1582 960 1866 1027; x_wconf 83' lang='lat' dir='ltr'><strong>ludosque</strong></span> <span class='ocrx_word' id='word_1_36' title='bbox 1907 962 2177 1027; x_wconf 77' lang='lat' dir='ltr'><strong>iocosque</strong></span> <span class='ocrx_word' id='word_1_37' title='bbox 2214 962 2402 1027; x_wconf 83' lang='lat' dir='ltr'><strong>poeta,</strong></span> 
     </span>
     <span class='ocr_line' id='line_1_8' title="bbox 963 1048 2188 1117; baseline -0.001 -17"><span class='ocrx_word' id='word_1_38' title='bbox 963 1049 1299 1101; x_wconf 86' lang='lat' dir='ltr'><strong>Immensus</strong></span> <span class='ocrx_word' id='word_1_39' title='bbox 1338 1048 1829 1117; x_wconf 78' lang='lat' dir='ltr'><strong>lacerat&#39;pectora</strong></span> <span class='ocrx_word' id='word_1_40' title='bbox 1868 1048 1985 1099; x_wconf 82' lang='lat' dir='ltr'><strong>fida</strong></span> <span class='ocrx_word' id='word_1_41' title='bbox 2025 1049 2188 1099; x_wconf 87' lang='lat' dir='ltr'><strong>dolor</strong></span> 
     </span>
    </p>
   </div>
   <div class='ocr_carea' id='block_1_4' title="bbox 891 1116 2389 1293">
    <p class='ocr_par' dir='ltr' id='par_1_6' title="bbox 891 1116 2389 1293">
     <span class='ocr_line' id='line_1_9' title="bbox 891 1116 2389 1203; baseline -0.001 -14"><span class='ocrx_word' id='word_1_42' title='bbox 891 1140 964 1189; x_wconf 84' lang='lat' dir='ltr'><strong>Et</strong></span> <span class='ocrx_word' id='word_1_43' title='bbox 1003 1154 1200 1190; x_wconf 89' lang='lat' dir='ltr'><strong>secum</strong></span> <span class='ocrx_word' id='word_1_44' title='bbox 1239 1138 1481 1190; x_wconf 89' lang='lat' dir='ltr'><strong>tacitus:</strong></span> <span class='ocrx_word' id='word_1_45' title='bbox 1527 1138 1727 1191; x_wconf 78' lang='lat' dir='ltr'><strong>«Bruti</strong></span> <span class='ocrx_word' id='word_1_46' title='bbox 1766 1154 1920 1189; x_wconf 86' lang='lat' dir='ltr'><strong>nunc</strong></span> <span class='ocrx_word' id='word_1_47' title='bbox 1960 1137 2099 1189; x_wconf 90' lang='lat' dir='ltr'><strong>urbe</strong></span> <span class='ocrx_word' id='word_1_48' title='bbox 2132 1116 2389 1203; x_wconf 80' lang='lat' dir='ltr'><strong>superba.</strong></span> 
     </span>
     <span class='ocr_line' id='line_1_10' title="bbox 960 1224 2313 1293; baseline -0.004 -15"><span class='ocrx_word' id='word_1_49' title='bbox 960 1226 1057 1278; x_wconf 91' lang='lat' dir='ltr'><strong>Nil</strong></span> <span class='ocrx_word' id='word_1_50' title='bbox 1095 1228 1306 1293; x_wconf 82' lang='lat' dir='ltr'><strong>praeter</strong></span> <span class='ocrx_word' id='word_1_51' title='bbox 1341 1226 1650 1288; x_wconf 81' lang='lat' dir='ltr'><strong>Venerem,</strong></span> <span class='ocrx_word' id='word_1_52' title='bbox 1687 1224 1921 1293; x_wconf 85' lang='lat' dir='ltr'><strong>gaudia,</strong></span> <span class='ocrx_word' id='word_1_53' title='bbox 1957 1226 2095 1277; x_wconf 84' lang='lat' dir='ltr'><strong>vina</strong></span> <span class='ocrx_word' id='word_1_54' title='bbox 2132 1225 2313 1278; x_wconf 82' lang='lat' dir='ltr'><strong>licet.»</strong></span> 
     </span>
    </p>
   </div>
   <div class='ocr_carea' id='block_1_5' title="bbox 891 1437 2533 2129">
    <p class='ocr_par' dir='ltr' id='par_1_7' title="bbox 901 1437 2533 1596">
     <span class='ocr_line' id='line_1_11' title="bbox 901 1437 2533 1504; baseline -0.002 -11"><span class='ocrx_word' id='word_1_55' title='bbox 901 1441 1127 1493; x_wconf 72' lang='lat' dir='ltr'><strong>«Caecus</strong></span> <span class='ocrx_word' id='word_1_56' title='bbox 1166 1456 1332 1492; x_wconf 86' lang='lat' dir='ltr'><strong>amor</strong></span> <span class='ocrx_word' id='word_1_57' title='bbox 1367 1441 1575 1501; x_wconf 82' lang='lat' dir='ltr'><strong>nostri,</strong></span> <span class='ocrx_word' id='word_1_58' title='bbox 1613 1441 1807 1491; x_wconf 84' lang='lat' dir='ltr'><strong>metus</strong></span> <span class='ocrx_word' id='word_1_59' title='bbox 1845 1442 2017 1504; x_wconf 85' lang='lat' dir='ltr'><strong>atque</strong></span> <span class='ocrx_word' id='word_1_60' title='bbox 2056 1438 2295 1492; x_wconf 86' lang='lat' dir='ltr'><strong>infanda</strong></span> <span class='ocrx_word' id='word_1_61' title='bbox 2334 1437 2533 1501; x_wconf 82' lang='lat' dir='ltr'><strong>libido,</strong></span> 
     </span>
     <span class='ocr_line' id='line_1_12' title="bbox 965 1527 2377 1596; baseline -0.001 -15"><span class='ocrx_word' id='word_1_62' title='bbox 965 1529 1257 1596; x_wconf 84' lang='lat' dir='ltr'>Quidquid</span> <span class='ocrx_word' id='word_1_63' title='bbox 1300 1531 1423 1581; x_wconf 88' lang='lat' dir='ltr'><strong>erat</strong></span> <span class='ocrx_word' id='word_1_64' title='bbox 1462 1529 1668 1591; x_wconf 84' lang='lat' dir='ltr'><strong>sancti,</strong></span> <span class='ocrx_word' id='word_1_65' title='bbox 1707 1527 1979 1580; x_wconf 84' lang='lat' dir='ltr'><strong>cordibus</strong></span> <span class='ocrx_word' id='word_1_66' title='bbox 2021 1527 2377 1594; x_wconf 76' lang='lat' dir='ltr'><strong>expulerant.</strong></span> 
     </span>
    </p>

    <p class='ocr_par' dir='ltr' id='par_1_8' title="bbox 894 1614 2437 1774">
     <span class='ocr_line' id='line_1_13' title="bbox 894 1614 2437 1682; baseline -0.003 -11"><span class='ocrx_word' id='word_1_67' title='bbox 894 1619 991 1671; x_wconf 91' lang='lat' dir='ltr'><strong>Nil</strong></span> <span class='ocrx_word' id='word_1_68' title='bbox 1031 1636 1090 1671; x_wconf 88' lang='lat' dir='ltr'><strong>es</strong></span> <span class='ocrx_word' id='word_1_69' title='bbox 1131 1620 1248 1671; x_wconf 87' lang='lat' dir='ltr'><strong>iam</strong></span> <span class='ocrx_word' id='word_1_70' title='bbox 1288 1618 1492 1682; x_wconf 79' lang='lat' dir='ltr'><strong>virtue,</strong></span> <span class='ocrx_word' id='word_1_71' title='bbox 1534 1619 1648 1669; x_wconf 90' lang='lat' dir='ltr'><strong>nisi</strong></span> <span class='ocrx_word' id='word_1_72' title='bbox 1690 1617 1947 1679; x_wconf 88' lang='lat' dir='ltr'><strong>verbum,</strong></span> <span class='ocrx_word' id='word_1_73' title='bbox 1988 1632 2199 1668; x_wconf 89' lang='lat' dir='ltr'><strong>nomen</strong></span> <span class='ocrx_word' id='word_1_74' title='bbox 2237 1614 2437 1677; x_wconf 85' lang='lat' dir='ltr'><strong>inane;</strong></span> 
     </span>
     <span class='ocr_line' id='line_1_14' title="bbox 965 1707 2355 1774; baseline -0.001 -14"><span class='ocrx_word' id='word_1_75' title='bbox 965 1708 1214 1760; x_wconf 85' lang='lat' dir='ltr'><strong>Somnus</strong></span> <span class='ocrx_word' id='word_1_76' title='bbox 1253 1707 1510 1769; x_wconf 74' lang='lat' dir='ltr'><strong>libertae,</strong></span> <span class='ocrx_word' id='word_1_77' title='bbox 1549 1708 1832 1774; x_wconf 87' lang='lat' dir='ltr'><strong>prendere</strong></span> <span class='ocrx_word' id='word_1_78' title='bbox 1874 1724 2046 1774; x_wconf 92' lang='lat' dir='ltr'><strong>quem</strong></span> <span class='ocrx_word' id='word_1_79' title='bbox 2084 1722 2355 1774; x_wconf 86' lang='lat' dir='ltr'><strong>nequeas.</strong></span> 
     </span>
    </p>

    <p class='ocr_par' dir='ltr' id='par_1_9' title="bbox 891 1794 2268 1952">
     <span class='ocr_line' id='line_1_15' title="bbox 891 1794 2268 1862; baseline -0.001 -14"><span class='ocrx_word' id='word_1_80' title='bbox 891 1796 1026 1848; x_wconf 85' lang='lat' dir='ltr'><strong>Sola</strong></span> <span class='ocrx_word' id='word_1_81' title='bbox 1052 1798 1226 1862; x_wconf 80' lang='lat' dir='ltr'><strong>¹regat</strong></span> <span class='ocrx_word' id='word_1_82' title='bbox 1264 1794 1437 1847; x_wconf 89' lang='lat' dir='ltr'><strong>rebus</strong></span> <span class='ocrx_word' id='word_1_83' title='bbox 1479 1794 1669 1847; x_wconf 89' lang='lat' dir='ltr'><strong>dubiis</strong></span> <span class='ocrx_word' id='word_1_84' title='bbox 1708 1795 2021 1862; x_wconf 81' lang='lat' dir='ltr'><strong>prudentia</strong></span> <span class='ocrx_word' id='word_1_85' title='bbox 2058 1812 2268 1858; x_wconf 76' lang='lat' dir='ltr'><strong>moreS,</strong></span> 
     </span>
     <span class='ocr_line' id='line_1_16' title="bbox 961 1885 2255 1952; baseline 0 -17"><span class='ocrx_word' id='word_1_86' title='bbox 961 1886 1277 1936; x_wconf 88' lang='lat' dir='ltr'><strong>Discantur</strong></span> <span class='ocrx_word' id='word_1_87' title='bbox 1314 1885 1590 1948; x_wconf 69' lang='lat' dir='ltr'><strong>monime,</strong></span> <span class='ocrx_word' id='word_1_88' title='bbox 1631 1885 1793 1936; x_wconf 88' lang='lat' dir='ltr'><strong>docte</strong></span> <span class='ocrx_word' id='word_1_89' title='bbox 1833 1885 2101 1952; x_wconf 87' lang='lat' dir='ltr'><strong>Epicure,</strong></span> <span class='ocrx_word' id='word_1_90' title='bbox 2138 1885 2255 1936; x_wconf 90' lang='lat' dir='ltr'><strong>tui:</strong></span> 
     </span>
    </p>

    <p class='ocr_par' dir='ltr' id='par_1_10' title="bbox 892 1972 2453 2129">
     <span class='ocr_line' id='line_1_17' title="bbox 892 1972 2257 2035; baseline -0.001 -9"><span class='ocrx_word' id='word_1_91' title='bbox 892 1974 1060 2026; x_wconf 85' lang='lat' dir='ltr'><strong>Mitte</strong></span> <span class='ocrx_word' id='word_1_92' title='bbox 1099 1972 1272 2025; x_wconf 87' lang='lat' dir='ltr'><strong>Urbis</strong></span> <span class='ocrx_word' id='word_1_93' title='bbox 1313 1988 1541 2035; x_wconf 90' lang='lat' dir='ltr'><strong>curam;</strong></span> <span class='ocrx_word' id='word_1_94' title='bbox 1582 1972 1839 2025; x_wconf 84' lang='lat' dir='ltr'><strong>fallentis</strong></span> <span class='ocrx_word' id='word_1_95' title='bbox 1881 1976 2089 2025; x_wconf 89' lang='lat' dir='ltr'><strong>semita</strong></span> <span class='ocrx_word' id='word_1_96' title='bbox 2127 1974 2257 2025; x_wconf 81' lang='lat' dir='ltr'><strong>vitae</strong></span> 
     </span>
     <span class='ocr_line' id='line_1_18' title="bbox 962 2061 2453 2129; baseline -0.003 -16"><span class='ocrx_word' id='word_1_97' title='bbox 962 2064 1038 2113; x_wconf 85' lang='lat' dir='ltr'><strong>Te</strong></span> <span class='ocrx_word' id='word_1_98' title='bbox 1076 2062 1232 2114; x_wconf 86' lang='lat' dir='ltr'><strong>beet:</strong></span> <span class='ocrx_word' id='word_1_99' title='bbox 1273 2078 1436 2128; x_wconf 83' lang='lat' dir='ltr'><strong>aequo</strong></span> <span class='ocrx_word' id='word_1_100' title='bbox 1477 2062 1692 2126; x_wconf 82' lang='lat' dir='ltr'><strong>anime,</strong></span> <span class='ocrx_word' id='word_1_101' title='bbox 1731 2061 2015 2129; x_wconf 89' lang='lat' dir='ltr'><strong>quidquid</strong></span> <span class='ocrx_word' id='word_1_102' title='bbox 2055 2064 2182 2124; x_wconf 89' lang='lat' dir='ltr'><strong>erit,</strong></span> <span class='ocrx_word' id='word_1_103' title='bbox 2221 2061 2453 2114; x_wconf 82' lang='lat' dir='ltr'><strong>tolera.»</strong></span> 
     </span>
    </p>
   </div>
   <div class='ocr_carea' id='block_1_6' title="bbox 890 2274 2535 2962">
    <p class='ocr_par' dir='ltr' id='par_1_11' title="bbox 897 2274 2401 2431">
     <span class='ocr_line' id='line_1_19' title="bbox 897 2274 2401 2343; baseline 0.002 -21"><span class='ocrx_word' id='word_1_104' title='bbox 897 2275 1194 2328; x_wconf 78' lang='lat' dir='ltr'><strong>«Culmina</strong></span> <span class='ocrx_word' id='word_1_105' title='bbox 1233 2274 1504 2337; x_wconf 80' lang='lat' dir='ltr'><strong>SoractiS,</strong></span> <span class='ocrx_word' id='word_1_106' title='bbox 1545 2292 1616 2326; x_wconf 91' lang='lat' dir='ltr'><strong>en</strong></span> <span class='ocrx_word' id='word_1_107' title='bbox 1656 2275 1906 2343; x_wconf 79' lang='lat' dir='ltr'><strong>adspice,</strong></span> <span class='ocrx_word' id='word_1_108' title='bbox 1948 2275 2046 2325; x_wconf 85' lang='lat' dir='ltr'><strong>nix</strong></span> <span class='ocrx_word' id='word_1_109' title='bbox 2083 2276 2226 2342; x_wconf 85' lang='lat' dir='ltr'><strong>tegit</strong></span> <span class='ocrx_word' id='word_1_110' title='bbox 2266 2275 2401 2338; x_wconf 87' lang='lat' dir='ltr'><strong>alta,</strong></span> 
     </span>
     <span class='ocr_line' id='line_1_20' title="bbox 961 2363 2264 2431; baseline -0.001 -15"><span class='ocrx_word' id='word_1_111' title='bbox 961 2366 1170 2431; x_wconf 88' lang='lat' dir='ltr'><strong>Ingere</strong></span> <span class='ocrx_word' id='word_1_112' title='bbox 1210 2364 1371 2430; x_wconf 84' lang='lat' dir='ltr'><strong>ligna</strong></span> <span class='ocrx_word' id='word_1_113' title='bbox 1407 2363 1549 2427; x_wconf 80' lang='lat' dir='ltr'><strong>focO,</strong></span> <span class='ocrx_word' id='word_1_114' title='bbox 1589 2364 1764 2415; x_wconf 88' lang='lat' dir='ltr'><strong>funde</strong></span> <span class='ocrx_word' id='word_1_115' title='bbox 1802 2364 2067 2425; x_wconf 83' lang='lat' dir='ltr'><strong>Falerna,</strong></span> <span class='ocrx_word' id='word_1_116' title='bbox 2109 2364 2264 2426; x_wconf 82' lang='lat' dir='ltr'><strong>bibe3</strong></span> 
     </span>
    </p>

    <p class='ocr_par' dir='ltr' id='par_1_12' title="bbox 890 2453 2378 2609">
     <span class='ocr_line' id='line_1_21' title="bbox 890 2453 2378 2521; baseline -0.001 -16"><span class='ocrx_word' id='word_1_117' title='bbox 890 2454 1134 2505; x_wconf 89' lang='lat' dir='ltr'><strong>Venturi</strong></span> <span class='ocrx_word' id='word_1_118' title='bbox 1175 2455 1394 2504; x_wconf 87' lang='lat' dir='ltr'><strong>secreta</strong></span> <span class='ocrx_word' id='word_1_119' title='bbox 1433 2454 1554 2515; x_wconf 84' lang='lat' dir='ltr'><strong>aevi,</strong></span> <span class='ocrx_word' id='word_1_120' title='bbox 1593 2453 1726 2521; x_wconf 88' lang='lat' dir='ltr'><strong>fuge</strong></span> <span class='ocrx_word' id='word_1_121' title='bbox 1768 2468 2040 2519; x_wconf 68' lang='lat' dir='ltr'><strong>quan-ere,</strong></span> <span class='ocrx_word' id='word_1_122' title='bbox 2080 2470 2204 2519; x_wconf 83' lang='lat' dir='ltr'><strong>quae</strong></span> <span class='ocrx_word' id='word_1_123' title='bbox 2244 2453 2378 2516; x_wconf 88' lang='lat' dir='ltr'><strong>sint,</strong></span> 
     </span>
     <span class='ocr_line' id='line_1_22' title="bbox 961 2542 2251 2609; baseline -0.001 -14"><span class='ocrx_word' id='word_1_124' title='bbox 961 2542 1160 2595; x_wconf 87' lang='lat' dir='ltr'><strong>Serius</strong></span> <span class='ocrx_word' id='word_1_125' title='bbox 1199 2543 1377 2604; x_wconf 88' lang='lat' dir='ltr'><strong>ocius,</strong></span> <span class='ocrx_word' id='word_1_126' title='bbox 1418 2542 1550 2605; x_wconf 89' lang='lat' dir='ltr'><strong>heu,</strong></span> <span class='ocrx_word' id='word_1_127' title='bbox 1587 2542 1807 2609; x_wconf 82' lang='lat' dir='ltr'><strong>pallida</strong></span> <span class='ocrx_word' id='word_1_128' title='bbox 1846 2559 2003 2593; x_wconf 89' lang='lat' dir='ltr'><strong>mors</strong></span> <span class='ocrx_word' id='word_1_129' title='bbox 2041 2543 2251 2594; x_wconf 84' lang='lat' dir='ltr'><strong>veniet.</strong></span> 
     </span>
    </p>

    <p class='ocr_par' dir='ltr' id='par_1_13' title="bbox 891 2631 2524 2787">
     <span class='ocr_line' id='line_1_23' title="bbox 891 2631 2524 2697; baseline -0.002 -12"><span class='ocrx_word' id='word_1_130' title='bbox 891 2631 1088 2685; x_wconf 81' lang='lat' dir='ltr'><strong>Gaude</strong></span> <span class='ocrx_word' id='word_1_131' title='bbox 1129 2631 1317 2693; x_wconf 88' lang='lat' dir='ltr'><strong>hodie,</strong></span> <span class='ocrx_word' id='word_1_132' title='bbox 1359 2631 1497 2682; x_wconf 91' lang='lat' dir='ltr'><strong>dum</strong></span> <span class='ocrx_word' id='word_1_133' title='bbox 1537 2633 1654 2684; x_wconf 85' lang='lat' dir='ltr'><strong>fata</strong></span> <span class='ocrx_word' id='word_1_134' title='bbox 1694 2631 1893 2683; x_wconf 89' lang='lat' dir='ltr'><strong>sinunt</strong></span> <span class='ocrx_word' id='word_1_135' title='bbox 1929 2633 2241 2697; x_wconf 83' lang='lat' dir='ltr'><strong>tristesque</strong></span> <span class='ocrx_word' id='word_1_136' title='bbox 2282 2647 2524 2692; x_wconf 81' lang='lat' dir='ltr'><strong>sororeS,</strong></span> 
     </span>
     <span class='ocr_line' id='line_1_24' title="bbox 965 2720 2255 2787; baseline -0.002 -14"><span class='ocrx_word' id='word_1_137' title='bbox 965 2720 1236 2773; x_wconf 86' lang='lat' dir='ltr'><strong>Crinibus</strong></span> <span class='ocrx_word' id='word_1_138' title='bbox 1277 2724 1331 2772; x_wconf 90' lang='lat' dir='ltr'><strong>et</strong></span> <span class='ocrx_word' id='word_1_139' title='bbox 1369 2721 1572 2773; x_wconf 87' lang='lat' dir='ltr'><strong>nitidis</strong></span> <span class='ocrx_word' id='word_1_140' title='bbox 1611 2723 1840 2787; x_wconf 85' lang='lat' dir='ltr'><strong>myrtea</strong></span> <span class='ocrx_word' id='word_1_141' title='bbox 1879 2724 2032 2772; x_wconf 85' lang='lat' dir='ltr'><strong>serta</strong></span> <span class='ocrx_word' id='word_1_142' title='bbox 2070 2737 2255 2787; x_wconf 85' lang='lat' dir='ltr'><strong>geras,</strong></span> 
     </span>
    </p>

    <p class='ocr_par' dir='ltr' id='par_1_14' title="bbox 891 2810 2535 2962">
     <span class='ocr_line' id='line_1_25' title="bbox 891 2810 2535 2881; baseline 0 -20"><span class='ocrx_word' id='word_1_143' title='bbox 891 2810 1008 2861; x_wconf 88' lang='lat' dir='ltr'><strong>Nec</strong></span> <span class='ocrx_word' id='word_1_144' title='bbox 1047 2812 1114 2861; x_wconf 92' lang='lat' dir='ltr'><strong>tu</strong></span> <span class='ocrx_word' id='word_1_145' title='bbox 1154 2826 1359 2877; x_wconf 84' lang='lat' dir='ltr'><strong>sperne</strong></span> <span class='ocrx_word' id='word_1_146' title='bbox 1399 2810 1626 2871; x_wconf 81' lang='lat' dir='ltr'><strong>choros,</strong></span> <span class='ocrx_word' id='word_1_147' title='bbox 1665 2811 1919 2871; x_wconf 86' lang='lat' dir='ltr'><strong>cantum,</strong></span> <span class='ocrx_word' id='word_1_148' title='bbox 1960 2810 2240 2871; x_wconf 87' lang='lat' dir='ltr'><strong>convivia,</strong></span> <span class='ocrx_word' id='word_1_149' title='bbox 2280 2824 2535 2881; x_wconf 86' lang='lat' dir='ltr'><strong>amores:</strong></span> 
     </span>
     <span class='ocr_line' id='line_1_26' title="bbox 966 2896 2529 2962; baseline 0 -13"><span class='ocrx_word' id='word_1_150' title='bbox 966 2897 1207 2949; x_wconf 86' lang='lat' dir='ltr'><strong>Summa</strong></span> <span class='ocrx_word' id='word_1_151' title='bbox 1245 2898 1396 2949; x_wconf 86' lang='lat' dir='ltr'><strong>bona</strong></span> <span class='ocrx_word' id='word_1_152' title='bbox 1435 2898 1555 2949; x_wconf 85' lang='lat' dir='ltr'><strong>haec</strong></span> <span class='ocrx_word' id='word_1_153' title='bbox 1595 2898 1815 2960; x_wconf 87' lang='lat' dir='ltr'><strong>credas,</strong></span> <span class='ocrx_word' id='word_1_154' title='bbox 1855 2914 1978 2962; x_wconf 81' lang='lat' dir='ltr'><strong>quae</strong></span> <span class='ocrx_word' id='word_1_155' title='bbox 2016 2896 2123 2949; x_wconf 86' lang='lat' dir='ltr'><strong>tibi</strong></span> <span class='ocrx_word' id='word_1_156' title='bbox 2162 2896 2281 2949; x_wconf 80' lang='lat' dir='ltr'><strong>vita</strong></span> <span class='ocrx_word' id='word_1_157' title='bbox 2319 2897 2529 2949; x_wconf 79' lang='lat' dir='ltr'><strong>dedit».</strong></span> 
     </span>
    </p>
   </div>
   <div class='ocr_carea' id='block_1_7' title="bbox 891 3111 2388 3799">
    <p class='ocr_par' dir='ltr' id='par_1_15' title="bbox 891 3111 2388 3799">
     <span class='ocr_line' id='line_1_27' title="bbox 898 3111 2195 3177; baseline 0.002 -18"><span class='ocrx_word' id='word_1_158' title='bbox 898 3111 1108 3175; x_wconf 83' lang='lat' dir='ltr'><strong>«Felix,</strong></span> <span class='ocrx_word' id='word_1_159' title='bbox 1148 3111 1247 3177; x_wconf 89' lang='lat' dir='ltr'><strong>qui</strong></span> <span class='ocrx_word' id='word_1_160' title='bbox 1287 3111 1488 3163; x_wconf 82' lang='lat' dir='ltr'><strong>didicit</strong></span> <span class='ocrx_word' id='word_1_161' title='bbox 1527 3112 1712 3163; x_wconf 86' lang='lat' dir='ltr'><strong>vitare</strong></span> <span class='ocrx_word' id='word_1_162' title='bbox 1751 3112 1987 3177; x_wconf 84' lang='lat' dir='ltr'><strong>negotia</strong></span> <span class='ocrx_word' id='word_1_163' title='bbox 2025 3111 2195 3176; x_wconf 86' lang='lat' dir='ltr'><strong>longe</strong></span> 
     </span>
     <span class='ocr_line' id='line_1_28' title="bbox 966 3200 2305 3267; baseline -0.001 -14"><span class='ocrx_word' id='word_1_164' title='bbox 966 3201 1173 3253; x_wconf 85' lang='lat' dir='ltr'><strong>Vivere</strong></span> <span class='ocrx_word' id='word_1_165' title='bbox 1214 3202 1436 3266; x_wconf 83' lang='lat' dir='ltr'><strong>scitque</strong></span> <span class='ocrx_word' id='word_1_166' title='bbox 1477 3200 1587 3252; x_wconf 89' lang='lat' dir='ltr'><strong>sibi</strong></span> <span class='ocrx_word' id='word_1_167' title='bbox 1625 3216 1762 3251; x_wconf 88' lang='lat' dir='ltr'><strong>rura</strong></span> <span class='ocrx_word' id='word_1_168' title='bbox 1802 3202 2045 3267; x_wconf 85' lang='lat' dir='ltr'><strong>paterna</strong></span> <span class='ocrx_word' id='word_1_169' title='bbox 2083 3200 2305 3251; x_wconf 80' lang='lat' dir='ltr'><strong>colens!</strong></span> 
     </span>
     <span class='ocr_line' id='line_1_29' title="bbox 891 3288 2193 3357; baseline -0.001 -16"><span class='ocrx_word' id='word_1_170' title='bbox 891 3291 1100 3343; x_wconf 89' lang='lat' dir='ltr'><strong>Absint</strong></span> <span class='ocrx_word' id='word_1_171' title='bbox 1140 3291 1374 3353; x_wconf 60' lang='lat' dir='ltr'><strong>divitiae,</strong></span> <span class='ocrx_word' id='word_1_172' title='bbox 1413 3291 1728 3357; x_wconf 82' lang='lat' dir='ltr'><strong>paupertas</strong></span> <span class='ocrx_word' id='word_1_173' title='bbox 1770 3288 1921 3339; x_wconf 87' lang='lat' dir='ltr'><strong>absit</strong></span> <span class='ocrx_word' id='word_1_174' title='bbox 1962 3288 2193 3340; x_wconf 88' lang='lat' dir='ltr'><strong>acerba:</strong></span> 
     </span>
     <span class='ocr_line' id='line_1_30' title="bbox 962 3377 2353 3445; baseline -0.001 -16"><span class='ocrx_word' id='word_1_175' title='bbox 962 3378 1045 3429; x_wconf 84' lang='lat' dir='ltr'><strong>Tu</strong></span> <span class='ocrx_word' id='word_1_176' title='bbox 1087 3377 1338 3428; x_wconf 86' lang='lat' dir='ltr'><strong>mediam</strong></span> <span class='ocrx_word' id='word_1_177' title='bbox 1379 3393 1620 3445; x_wconf 64' lang='lat' dir='ltr'><strong>quaeras,</strong></span> <span class='ocrx_word' id='word_1_178' title='bbox 1661 3392 1836 3427; x_wconf 86' lang='lat' dir='ltr'><strong>aurea</strong></span> <span class='ocrx_word' id='word_1_179' title='bbox 1873 3393 2143 3441; x_wconf 88' lang='lat' dir='ltr'><strong>namque,</strong></span> <span class='ocrx_word' id='word_1_180' title='bbox 2180 3378 2353 3429; x_wconf 85' lang='lat' dir='ltr'><strong>viam.</strong></span> 
     </span>
     <span class='ocr_line' id='line_1_31' title="bbox 895 3464 2388 3532; baseline 0 -16"><span class='ocrx_word' id='word_1_181' title='bbox 895 3464 1118 3532; x_wconf 82' lang='lat' dir='ltr'><strong>Saepius</strong></span> <span class='ocrx_word' id='word_1_182' title='bbox 1160 3464 1412 3516; x_wconf 83' lang='lat' dir='ltr'><strong>excelsos</strong></span> <span class='ocrx_word' id='word_1_183' title='bbox 1452 3464 1666 3517; x_wconf 88' lang='lat' dir='ltr'><strong>feriunt</strong></span> <span class='ocrx_word' id='word_1_184' title='bbox 1705 3480 1853 3529; x_wconf 85' lang='lat' dir='ltr'><strong>vaga</strong></span> <span class='ocrx_word' id='word_1_185' title='bbox 1892 3464 2123 3531; x_wconf 86' lang='lat' dir='ltr'><strong>fulgura</strong></span> <span class='ocrx_word' id='word_1_186' title='bbox 2162 3469 2388 3517; x_wconf 84' lang='lat' dir='ltr'><strong>montes</strong></span> 
     </span>
     <span class='ocr_line' id='line_1_32' title="bbox 967 3546 2135 3618; baseline 0.001 -15"><span class='ocrx_word' id='word_1_187' title='bbox 967 3546 1204 3603; x_wconf 85' lang='lat' dir='ltr'><strong>Deiecta</strong></span> <span class='ocrx_word' id='word_1_188' title='bbox 1242 3553 1296 3602; x_wconf 87' lang='lat' dir='ltr'><strong>et</strong></span> <span class='ocrx_word' id='word_1_189' title='bbox 1333 3554 1506 3602; x_wconf 88' lang='lat' dir='ltr'><strong>vento</strong></span> <span class='ocrx_word' id='word_1_190' title='bbox 1543 3551 1796 3618; x_wconf 87' lang='lat' dir='ltr'><strong>populus</strong></span> <span class='ocrx_word' id='word_1_191' title='bbox 1838 3551 1954 3603; x_wconf 85' lang='lat' dir='ltr'><strong>alta</strong></span> <span class='ocrx_word' id='word_1_192' title='bbox 1993 3554 2135 3604; x_wconf 89' lang='lat' dir='ltr'><strong>ruit:</strong></span> 
     </span>
     <span class='ocr_line' id='line_1_33' title="bbox 894 3635 2258 3703; baseline -0.001 -9"><span class='ocrx_word' id='word_1_193' title='bbox 894 3635 1105 3694; x_wconf 86' lang='lat' dir='ltr'><strong>Omnia</strong></span> <span class='ocrx_word' id='word_1_194' title='bbox 1141 3642 1498 3693; x_wconf 75' lang='lat' dir='ltr'><strong>tuta-virent</strong></span> <span class='ocrx_word' id='word_1_195' title='bbox 1536 3639 1780 3693; x_wconf 84' lang='lat' dir='ltr'><strong>Tiburni</strong></span> <span class='ocrx_word' id='word_1_196' title='bbox 1818 3641 1967 3693; x_wconf 82' lang='lat' dir='ltr'><strong>valle</strong></span> <span class='ocrx_word' id='word_1_197' title='bbox 2006 3642 2258 3703; x_wconf 89' lang='lat' dir='ltr'><strong>reducta,</strong></span> 
     </span>
     <span class='ocr_line' id='line_1_34' title="bbox 963 3729 2324 3799; baseline -0.001 -17"><span class='ocrx_word' id='word_1_198' title='bbox 963 3731 1217 3783; x_wconf 85' lang='lat' dir='ltr'><strong>Arbusta</strong></span> <span class='ocrx_word' id='word_1_199' title='bbox 1257 3736 1311 3781; x_wconf 92' lang='lat' dir='ltr'><strong>et</strong></span> <span class='ocrx_word' id='word_1_200' title='bbox 1349 3730 1520 3781; x_wconf 87' lang='lat' dir='ltr'><strong>fiores</strong></span> <span class='ocrx_word' id='word_1_201' title='bbox 1559 3729 1734 3781; x_wconf 90' lang='lat' dir='ltr'><strong>molle</strong></span> <span class='ocrx_word' id='word_1_202' title='bbox 1776 3733 1983 3782; x_wconf 85' lang='lat' dir='ltr'><strong>sonant</strong></span> <span class='ocrx_word' id='word_1_203' title='bbox 2022 3731 2324 3799; x_wconf 82' lang='lat' dir='ltr'><strong>zepher.»</strong></span> 
     </span>
    </p>
   </div>
   <div class='ocr_carea' id='block_1_8' title="bbox 891 3940 2564 4631">
    <p class='ocr_par' dir='ltr' id='par_1_16' title="bbox 891 3940 2564 4631">
     <span class='ocr_line' id='line_1_35' title="bbox 901 3940 2459 4011; baseline 0.003 -22"><span class='ocrx_word' id='word_1_204' title='bbox 901 3942 1087 4003; x_wconf 81' lang='lat' dir='ltr'><strong>«Quos</strong></span> <span class='ocrx_word' id='word_1_205' title='bbox 1128 3940 1385 4006; x_wconf 79' lang='lat' dir='ltr'><strong>praebent</strong></span> <span class='ocrx_word' id='word_1_206' title='bbox 1428 3944 1598 4004; x_wconf 88' lang='lat' dir='ltr'><strong>artes,</strong></span> <span class='ocrx_word' id='word_1_207' title='bbox 1638 3960 1835 3995; x_wconf 89' lang='lat' dir='ltr'><strong>rerum</strong></span> <span class='ocrx_word' id='word_1_208' title='bbox 1877 3946 1931 3995; x_wconf 87' lang='lat' dir='ltr'><strong>et</strong></span> <span class='ocrx_word' id='word_1_209' title='bbox 1970 3947 2179 3995; x_wconf 86' lang='lat' dir='ltr'><strong>natura</strong></span> <span class='ocrx_word' id='word_1_210' title='bbox 2218 3944 2459 4011; x_wconf 77' lang='lat' dir='ltr'><strong>leporeS‚</strong></span> 
     </span>
     <span class='ocr_line' id='line_1_36' title="bbox 969 4029 2441 4096; baseline 0 -14"><span class='ocrx_word' id='word_1_211' title='bbox 969 4029 1029 4082; x_wconf 85' lang='lat' dir='ltr'><strong>Si</strong></span> <span class='ocrx_word' id='word_1_212' title='bbox 1070 4031 1228 4096; x_wconf 84' lang='lat' dir='ltr'><strong>sapis</strong></span> <span class='ocrx_word' id='word_1_213' title='bbox 1267 4032 1322 4081; x_wconf 88' lang='lat' dir='ltr'><strong>et</strong></span> <span class='ocrx_word' id='word_1_214' title='bbox 1363 4030 1536 4081; x_wconf 77' lang='lat' dir='ltr'><strong>calles</strong></span> <span class='ocrx_word' id='word_1_215' title='bbox 1575 4033 1787 4093; x_wconf 89' lang='lat' dir='ltr'><strong>vivere,</strong></span> <span class='ocrx_word' id='word_1_216' title='bbox 1826 4032 1884 4082; x_wconf 89' lang='lat' dir='ltr'><strong>id</strong></span> <span class='ocrx_word' id='word_1_217' title='bbox 1926 4049 2094 4084; x_wconf 89' lang='lat' dir='ltr'><strong>omne</strong></span> <span class='ocrx_word' id='word_1_218' title='bbox 2134 4035 2300 4083; x_wconf 89' lang='lat' dir='ltr'><strong>tuum</strong></span> <span class='ocrx_word' id='word_1_219' title='bbox 2340 4034 2441 4092; x_wconf 85' lang='lat' dir='ltr'><strong>est,</strong></span> 
     </span>
     <span class='ocr_line' id='line_1_37' title="bbox 894 4119 2436 4188; baseline 0.001 -20"><span class='ocrx_word' id='word_1_220' title='bbox 894 4120 1198 4184; x_wconf 80' lang='lat' dir='ltr'><strong>Quamque</strong></span> <span class='ocrx_word' id='word_1_221' title='bbox 1236 4120 1398 4170; x_wconf 87' lang='lat' dir='ltr'><strong>iuvat</strong></span> <span class='ocrx_word' id='word_1_222' title='bbox 1436 4119 1594 4171; x_wconf 88' lang='lat' dir='ltr'><strong>lenes</strong></span> <span class='ocrx_word' id='word_1_223' title='bbox 1633 4125 1810 4172; x_wconf 81' lang='lat' dir='ltr'><strong>noctu</strong></span> <span class='ocrx_word' id='word_1_224' title='bbox 1848 4124 2125 4188; x_wconf 84' lang='lat' dir='ltr'><strong>repetisse</strong></span> <span class='ocrx_word' id='word_1_225' title='bbox 2168 4137 2436 4172; x_wconf 86' lang='lat' dir='ltr'><strong>susurros</strong></span> 
     </span>
     <span class='ocr_line' id='line_1_38' title="bbox 967 4207 2195 4278; baseline 0.002 -19"><span class='ocrx_word' id='word_1_226' title='bbox 967 4208 1221 4259; x_wconf 65' lang='lat' dir='ltr'><strong>Furtivae¹</strong></span> <span class='ocrx_word' id='word_1_227' title='bbox 1262 4207 1506 4260; x_wconf 83' lang='lat' dir='ltr'><strong>Veneris</strong></span> <span class='ocrx_word' id='word_1_228' title='bbox 1545 4212 1806 4275; x_wconf 84' lang='lat' dir='ltr'><strong>tempore</strong></span> <span class='ocrx_word' id='word_1_229' title='bbox 1846 4211 2195 4278; x_wconf 73' lang='lat' dir='ltr'><strong>composito!</strong></span> 
     </span>
     <span class='ocr_line' id='line_1_39' title="bbox 891 4297 2564 4365; baseline 0.003 -19"><span class='ocrx_word' id='word_1_230' title='bbox 891 4297 1018 4355; x_wconf 80' lang='lat' dir='ltr'><strong>Dic,</strong></span> <span class='ocrx_word' id='word_1_231' title='bbox 1057 4299 1247 4347; x_wconf 86' lang='lat' dir='ltr'><strong>utram</strong></span> <span class='ocrx_word' id='word_1_232' title='bbox 1289 4297 1476 4361; x_wconf 81' lang='lat' dir='ltr'><strong>malie,</strong></span> <span class='ocrx_word' id='word_1_233' title='bbox 1516 4298 1878 4365; x_wconf 84' lang='lat' dir='ltr'><strong>Pyrrhamne</strong></span> <span class='ocrx_word' id='word_1_234' title='bbox 1920 4299 2211 4351; x_wconf 89' lang='lat' dir='ltr'><strong>Chloenne</strong></span> <span class='ocrx_word' id='word_1_235' title='bbox 2249 4299 2564 4351; x_wconf 75' lang='lat' dir='ltr'><strong>tenellam?</strong></span> 
     </span>
     <span class='ocr_line' id='line_1_40' title="bbox 966 4384 2315 4453; baseline 0.002 -18"><span class='ocrx_word' id='word_1_236' title='bbox 966 4384 1157 4446; x_wconf 75' lang='lat' dir='ltr'><strong>Actae,</strong></span> <span class='ocrx_word' id='word_1_237' title='bbox 1199 4386 1336 4436; x_wconf 90' lang='lat' dir='ltr'><strong>dum</strong></span> <span class='ocrx_word' id='word_1_238' title='bbox 1377 4386 1690 4452; x_wconf 87' lang='lat' dir='ltr'><strong>loquimur,</strong></span> <span class='ocrx_word' id='word_1_239' title='bbox 1731 4387 1913 4439; x_wconf 86' lang='lat' dir='ltr'><strong>livida</strong></span> <span class='ocrx_word' id='word_1_240' title='bbox 1951 4389 2068 4438; x_wconf 86' lang='lat' dir='ltr'><strong>iam</strong></span> <span class='ocrx_word' id='word_1_241' title='bbox 2107 4387 2315 4453; x_wconf 84' lang='lat' dir='ltr'><strong>fugiet:</strong></span> 
     </span>
     <span class='ocr_line' id='line_1_41' title="bbox 895 4473 2423 4542; baseline 0.001 -17"><span class='ocrx_word' id='word_1_242' title='bbox 895 4473 1178 4525; x_wconf 87' lang='lat' dir='ltr'><strong>Fructum</strong></span> <span class='ocrx_word' id='word_1_243' title='bbox 1215 4476 1521 4541; x_wconf 69' lang='lat' dir='ltr'><strong>praesentis</strong></span> <span class='ocrx_word' id='word_1_244' title='bbox 1560 4478 1623 4525; x_wconf 85' lang='lat' dir='ltr'><strong>tu</strong></span> <span class='ocrx_word' id='word_1_245' title='bbox 1663 4475 1895 4542; x_wconf 83' lang='lat' dir='ltr'><strong>percipe</strong></span> <span class='ocrx_word' id='word_1_246' title='bbox 1934 4475 2211 4542; x_wconf 87' lang='lat' dir='ltr'><strong>providus</strong></span> <span class='ocrx_word' id='word_1_247' title='bbox 2249 4476 2423 4535; x_wconf 67' lang='lat' dir='ltr'><strong>horae,</strong></span> 
     </span>
     <span class='ocr_line' id='line_1_42' title="bbox 966 4562 2263 4631; baseline -0.002 -16"><span class='ocrx_word' id='word_1_248' title='bbox 966 4562 1226 4615; x_wconf 88' lang='lat' dir='ltr'><strong>Venturo</strong></span> <span class='ocrx_word' id='word_1_249' title='bbox 1266 4565 1530 4615; x_wconf 81' lang='lat' dir='ltr'><strong>metuens</strong></span> <span class='ocrx_word' id='word_1_250' title='bbox 1571 4564 1801 4615; x_wconf 88' lang='lat' dir='ltr'><strong>credere</strong></span> <span class='ocrx_word' id='word_1_251' title='bbox 1842 4581 2009 4631; x_wconf 84' lang='lat' dir='ltr'><strong>carpe</strong></span> <span class='ocrx_word' id='word_1_252' title='bbox 2052 4565 2263 4617; x_wconf 82' lang='lat' dir='ltr'><strong>dieml»</strong></span> 
     </span>
    </p>
   </div>
   <div class='ocr_carea' id='block_1_9' title="bbox 1647 4671 1749 4723">
    <p class='ocr_par' dir='ltr' id='par_1_17' title="bbox 1647 4671 1749 4723">
     <span class='ocr_line' id='line_1_43' title="bbox 1647 4671 1749 4723; baseline -0.02 -1"><span class='ocrx_word' id='word_1_253' title='bbox 1647 4671 1749 4723; x_wconf 69' lang='lat'><strong>338</strong></span> 
     </span>
    </p>
   </div>
  </div>
 </body>
</html>
