3525 5384
556 423 642 487 30
1485 442 1686 485 Gurza
1733 426 2063 487 uniamur.

555 619 662 697 25,
715 620 787 684 1-:
848 618 1171 684 «Cinaede
1199 618 1486 683 Thalle.»
1545 612 1644 684 Cf.
1692 620 1857 685 Hor.
1906 619 2042 685 Sat.
2083 619 2134 685 I.
2171 620 2233 697 8,
2270 620 2554 686 37—-39,
2602 621 2897 704 (Priapus
2930 618 3012 685 de

553 729 684 803 se):
743 725 1068 793 «Mentior
1111 729 1182 791 at
1227 726 1281 790 si
1331 726 1514 807 quid,
1563 726 1809 791 merdis
1858 731 2059 810 caput
2104 727 2417 809 inquiner
2449 727 2617 793 albis
2650 727 3013 793 corvorum

553 836 751 917 atque
799 833 871 898 in
917 855 1024 898 me
1071 833 1298 898 veniat
1341 832 1624 898 mictum
1689 836 1887 915 atque
1951 836 2256 898 cacatum
2300 834 2549 899 Helluo
2597 836 2701 900 vel
2750 830 3015 920 fraqilis

427 1010 434 1015 ,
555 936 872 1007 Pediatia
919 941 1105 1006 furve
1152 941 1514 1018 Voranus,»
1571 941 1689 1004 ubi
1735 939 2100 1023 Porphyrio
2150 941 2463 1007 adnotat:
2523 942 2893 1007 «Pediatius
2914 965 2930 1005 .
2954 990 2969 1007 .

553 1048 775 1112 mollis
821 1050 1156 1113 evaserat.
1181 1095 1196 1111 .
1222 1096 1237 1112 .
1259 1049 1528 1129 propter
1576 1047 1753 1131 quod
1792 1060 1957 1111 ‘eum
2003 1047 2323 1113 Horatius
2372 1048 2691 1113 feminino
2740 1048 3012 1113 nomine

555 1148 954 1232 Pediatiam,
1021 1174 1161 1217 non
1225 1152 1600 1218 Pediatium
1669 1154 2026 1236 appellavit
2043 1176 2062 1232 3
2130 1154 2213 1217 ob
2282 1154 2565 1218 eandem
2632 1174 2900 1218 causam
2946 1157 3015 1218 et

552 1254 860 1347 fraqilem
909 1261 1088 1337 dixit,
1137 1260 1206 1324 id
1255 1264 1354 1325 est
1398 1260 1730 1325 mollem.»
1771 1260 2027 1325 Eodem
2062 1262 2262 1325 modo
2297 1252 2599 1349 Eqiliam
2628 1282 2749 1347 pro
2783 1256 3013 1347 Eqilio

479 1411 485 1417 -
555 1366 782 1448 posuit
829 1366 1132 1449 Opimius
1178 1366 1548 1431 secundum
1595 1366 1728 1432 Cic.
1777 1368 1875 1431 De
1922 1370 2085 1432 orat.
2134 1367 2220 1431 H.
2288 1369 2393 1443 68,
2446 1368 2614 1434 277:
2670 1368 2882 1447 «Quid
2913 1358 3016 1445 tuj

555 1467 792 1559 Eqilia
839 1478 1035 1539 mea?
1082 1472 1364 1551 Quando
1412 1472 1495 1536 ad
1544 1494 1650 1537 me
1699 1472 1885 1538 venis
1933 1493 2088 1537 cum
2132 1476 2251 1537 tua
2298 1472 2449 1538 colu
2497 1494 2572 1537 ac
2618 1474 2775 1537 lana
2800 1477 2873 1537 P»
2924 1508 3013 1516 -—

554 1587 706 1645 tuae
754 1576 992 1666 liquere
1036 1598 1202 1667 opeS,
1249 1580 1475 1644 locum
1523 1584 1680 1645 ante
1731 1581 1957 1645 oculos
2004 1580 2242 1645 habuit
2304 1580 2419 1646 Ov.
2471 1581 2567 1646 Ib.
2618 1580 3013 1645 418—422:

509 1760 513 1763 ,
564 1686 817 1767 «thue
864 1706 981 1770 per
1043 1686 1335 1751 alternos
1399 1686 1587 1749 unda
1632 1687 1897 1751 labente
1935 1676 2264 1752 'recursus
2313 1687 2742 1752 Subtrahitur
2786 1686 3013 1770 pre's'so

553 1793 774 1858 mollis
823 1793 1074 1857 harena
1118 1794 1292 1876 pedi,
1343 1794 1449 1859 Sic
1495 1802 1612 1859 tua
1658 1794 1880 1859 nescio
1930 1815 2061 1878 qua
2096 1814 2355 1878 semper
2390 1790 2669 1877 fortuna
2708 1790 3016 1883 liquescat

554 1901 903 1983 Lapsaque
949 1921 1066 1983 per
1111 1900 1362 1965 medias
1410 1893 1640 1965 effluat
1685 1922 1896 1985 usque
1944 1922 2219 1967 manus»
2277 1907 2341 1967 et
2386 1902 2623 1966 Tibull.
2657 1903 2709 1965 I.
2743 1902 2803 1979 6,
2841 1902 3015 1963 53-—

554 2007 684 2071 54:
753 2001 1086 2073 «labentur
1146 2026 1314 2095 opeS,
1363 2012 1440 2071 ut
1485 2008 1760 2073 vulnere
1824 2011 2073 2081 nostro,
2102 2008 2445 2090 Sanguis.»
2498 2046 2587 2053 ——
2634 2005 2891 2098 liquere,
2941 2027 3017 2070 ex

558 2111 876 2201 liquesco:
924 2119 1267 2198 tamquam
1298 2114 1674 2198 liquefiunt,
1724 2115 2133 2180 dilabuntur.
2180 2115 2434 2197 Eadem
2480 2116 2755 2199 perfecti
2801 2116 3016 2179 forma

556 2219 771 2285 Plaut.
838 2219 982 2285 Cas.
1051 2221 1217 2284 295:
1293 2221 1400 2284 «in
1464 2221 1803 2285 sortiendo
1853 2242 1994 2286 sors
2055 2218 2433 2312 deliquerit»
2491 2226 2555 2286 et
2601 2223 2785 2286 Varr.
2834 2221 3013 2303 apud

559 2328 730 2391 Non.
798 2348 862 2410 p.
905 2318 1103 2391 '3342
1185 2347 1459 2391 «aurum
1541 2324 1930 2417 colliquisset
1962 2377 1977 2393 .
2016 2376 2032 2391 .
2068 2378 2084 2393 .
2120 2376 2137 2393 .
2174 2329 2350 2412 quod
2428 2350 2516 2393 aes
2586 2330 3015 2394 fervefactum

559 2431 1006 2521 colliquisset.»
1061 2472 1150 2479 —
1198 2430 1527 2520 Fameque
1569 2431 1842 2521 qenuim'
1886 2444 2167 2523 crepant,
2215 2438 2293 2499 ut
2336 2428 2550 2501 Plaut.
2600 2436 2779 2500 Men.
2828 2437 2902 2500 V.
2952 2435 3013 2509 5,

559 2545 682 2607 27:
739 2542 1104 2606 «Intestina
1149 2541 1336 2620 mihi,
1387 2542 1653 2624 quando
1720 2542 1957 2619 esurio,
2026 2546 2356 2626 crepant.»
2413 2582 2500 2589 —
2543 2540 2834 2631 qenuini‚
2883 2545 3015 2605 tres

562 2649 863 2732 syllabae.
932 2647 1164 2712 dentes
1228 2649 1551 2725 molares3
1601 2650 1835 2713 eadem
1897 2650 2211 2733 synizesis
2263 2650 2427 2715 Hor.
2476 2650 2612 2716 Sat.
2661 2650 2744 2713 H.
2797 2650 2855 2723 2,
2907 2650 3011 2713 76.

561 2756 627 2817 et
671 2755 880 2837 Epist.
928 2754 980 2818 I.
1034 2756 1090 2829 1,
1148 2754 1309 2818 108.
1353 2751 1600 2841 pitvita
1647 2776 1767 2837 pro
1804 2750 2078 2843 pituita.

767 2860 844 2925 V.
896 2860 1176 2924 37—40.
1240 2856 1481 2927 Videbo
1521 2857 1854 2927 habentem
1896 2872 2151 2950 praeter
2213 2859 2484 2949 iqnavos
2529 2859 2705 2929 nihil
2751 2858 3019 2929 Fratres

557 2970 701 3045 etc„
748 2968 1068 3032 Horatius
1115 2970 1267 3031 ante
1317 2967 1545 3032 oculos
1593 2967 1830 3037 habuit
1894 2968 2133 3033 Catuli.
2197 2970 2302 3045 23,
2377 2970 2585 3034 1--4ε
2642 2969 2855 3046 «Furi,
2912 2967 3018 3032 cui
3129 3013 3131 3015 ψ

555 3094 771 3156 neque
837 3095 1063 3138 servus
1111 3078 1210 3139 est
1274 3095 1488 3158 neque
1553 3095 1705 3140 arca
1752 3076 1884 3141 Nec
1933 3078 2142 3140 cimex
2204 3097 2420 3159 neque
2470 3097 2752 3141 araneus
2798 3095 3015 3160 neque

469 3190 476 3195 “
557 3180 747 3261 igniS‚
796 3182 1044 3246 Verum
1108 3185 1208 3246 est
1268 3186 1458 3264 pater
1505 3187 1569 3247 et
1615 3202 1919 3260 noverca,
1984 3204 2268 3265 quorum
2317 3185 2566 3247 Dentes
2612 3185 2716 3248 vel
2765 3182 3017 3246 silicem

558 3308 852 3352 comesse
898 3290 1237 3371 possunt.»
1293 3324 1379 3333 —
1426 3286 1700 3374 iqnavos
1736 3338 1750 3352 .
1788 3339 1802 3353 .
1842 3340 1855 3355 .
1892 3286 2180 3367 Fratre-5,
2232 3291 2346 3372 qui
2392 3290 2464 3353 in
2500 3291 2698 3354 domo
2729 3288 3016 3352 Pediatii

554 3394 860 3458 vixerunt
906 3398 971 3458 et
1016 3394 1099 3458 ab
1166 3415 1241 3458 eo
1307 3395 1679 3459 alebantur.
1732 3432 1816 3441 —-
1862 3393 2110 3462 iratum
2176 3392 2412 3473 Iovem,
2478 3396 2726 3459 iratum
2789 3395 3014 3458 Iovem

557 3503 676 3564 aut
722 3502 924 3564 iratos
972 3499 1131 3564 deos
1179 3499 1419 3563 habere
1493 3493 1904 3576 dicebantur,
1957 3502 2071 3583 qui
2124 3500 2361 3565 misere
2411 3522 2487 3565 ac
2535 3501 2795 3565 sordide
2843 3500 3013 3565 vive-

559 3608 760 3683 bant;
811 3607 892 3671 cf.
939 3606 1105 3671 Hor.
1154 3605 1290 3671 Sat.
1339 3608 1424 3672 II.
1475 3607 1536 3683 3,
1588 3610 1665 3671 8:
1726 3608 1953 3672 «Iratis
2001 3612 2199 3676 natus
2248 3608 2464 3691 paries
2500 3608 2636 3671 dis»
2667 3630 2682 3683 3
2718 3606 3014 3689 inscript.

559 3714 740 3798 apud
804 3716 878 3778 A.
946 3711 1027 3776 de
1094 3708 1453 3779 Romanis:
1520 3714 1612 3778 Le
1683 3714 1949 3779 antiche
2014 3736 2271 3780 camere
2338 3716 2681 3798 Esquiline
2742 3716 3014 3793 (Romae,

427 3904 430 3909 Ι
565 3824 820 3900 1822.)2
903 3820 1241 3885 «Duodeci
1309 3822 1465 3886 deos
1531 3826 1598 3905 et
1662 3822 1951 3886 Dianam
2018 3826 2084 3887 et
2129 3822 2353 3886 Iovem
2410 3826 2766 3906 optumum
2809 3819 3013 3883 maxi-

555 3951 745 3995 mum
791 3929 1034 3993 habeat
1078 3928 1364 4006 iratos»;
1415 3932 1588 3994 Pers.
1640 3930 1777 3996 Sat.
1826 3932 1937 3996 IV.
2005 3932 2109 3995 27.
2160 3929 2264 4008 (de
2330 3949 2524 3994 avaro
2574 3933 2638 3993 et
2684 3928 3010 4003 sordido):

565 4038 802 4104 «Hunc
867 4041 981 4115 ais,
1049 4038 1230 4103 hunc
1289 4037 1390 4100 dis
1438 4038 1623 4101 iratis
1669 4037 1996 4121 genioque
2044 4026 2398 4112 sinistro»;
2447 4035 2701 4100 Phaedr.
2748 4036 2857 4100 IV.
2916 4037 3014 4110 19,

566 4147 664 4210 15.
714 4144 818 4222 (de
867 4145 1152 4209 dracone
1220 4143 1611 4207 thesaurum
1683 4143 2101 4207 custodiente
2167 4162 2495 4225 avareque
2544 4141 2805 4219 simili):
2864 4140 3017 4203 «Dis

559 4260 660 4316 est
724 4252 908 4316 iratis
973 4256 1192 4326 natue,
1262 4248 1377 4332 qui
1444 4253 1543 4313 est
1589 4249 1825 4315 similis
1888 4249 2069 4314 tibi.»
2124 4286 2212 4293 -—
2260 4244 2674 4337 Scissumque
2718 4255 3014 4323 ventrem,

561 4361 905 4441 tamquam
949 4359 1219 4422 uterum
1265 4356 1564 4435 feminae3
1614 4358 1923 4421 similiter
1966 4356 2270 4439 podicem
2318 4354 2568 4439 pathici
2602 4350 2865 4421 vulvam
2896 4373 3013 4416 no-

560 4466 776 4528 minat
820 4463 998 4530 Pers.
1047 4463 1183 4528 Sat.
1247 4464 1311 4542 4,
1379 4463 1681 4528 35—36:
1740 4464 1869 4527 «Hi
1914 4484 2153 4540 mores,
2203 4482 2579 4545 penemque
2645 4479 3014 4541 arcanaque

551 4571 765 4637 lumbi
810 4572 1228 4635 Runcantem
1274 4570 1524 4653 populo
1572 4577 1943 4634 marcentes
1975 4569 2264 4653 pandere
2298 4564 2562 4635 vulvas»
2594 4591 2609 4643 ;
2659 4570 2741 4632 cf.
2774 4568 3006 4634 Iuven.

1733 4695 1838 4745 334
