<?xml version="1.0" encoding="UTF-8"?>
<!DOCTYPE html PUBLIC "-//W3C//DTD XHTML 1.0 Transitional//EN"
    "http://www.w3.org/TR/xhtml1/DTD/xhtml1-transitional.dtd">
<html xmlns="http://www.w3.org/1999/xhtml" xml:lang="en" lang="en">
 <head>
  <title>
</title>
<meta http-equiv="Content-Type" content="text/html;charset=utf-8" />
  <meta name='ocr-system' content='tesseract 3.04.00' />
  <meta name='ocr-capabilities' content='ocr_page ocr_carea ocr_par ocr_line ocrx_word'/>
</head>
<body>
  <div class='ocr_page' id='page_1' title='image "./deepodohoratiic00marogoog_0028.png"; bbox 0 0 3525 5384; ppageno 0'>
   <div class='ocr_carea' id='block_1_1' title="bbox 553 406 2059 470">
    <p class='ocr_par' dir='ltr' id='par_1_1' title="bbox 553 406 2059 470">
     <span class='ocr_line' id='line_1_1' title="bbox 553 406 2059 470; baseline -0.001 -2"><span class='ocrx_word' id='word_1_1' title='bbox 553 406 641 470; x_wconf 71' lang='lat'><strong>24</strong></span> <span class='ocrx_word' id='word_1_2' title='bbox 1481 424 1682 467; x_wconf 72' lang='lat' dir='ltr'><strong>enYzA</strong></span> <span class='ocrx_word' id='word_1_3' title='bbox 1727 408 2059 467; x_wconf 62' lang='lat' dir='ltr'><strong>nnumin.</strong></span> 
     </span>
    </p>
   </div>
   <div class='ocr_carea' id='block_1_2' title="bbox 485 598 3071 4426">
    <p class='ocr_par' dir='ltr' id='par_1_2' title="bbox 485 598 3001 3035">
     <span class='ocr_line' id='line_1_2' title="bbox 547 598 3001 683; baseline -0.001 -19"><span class='ocrx_word' id='word_1_4' title='bbox 547 600 771 683; x_wconf 73' lang='lat' dir='ltr'><strong>Baptae</strong></span> <span class='ocrx_word' id='word_1_5' title='bbox 818 604 1044 665; x_wconf 85' lang='lat' dir='ltr'><strong>autem</strong></span> <span class='ocrx_word' id='word_1_6' title='bbox 1090 599 1342 664; x_wconf 91' lang='lat' dir='ltr'><strong>molles.</strong></span> <span class='ocrx_word' id='word_1_7' title='bbox 1393 598 1539 678; x_wconf 81' lang='lat' dir='ltr'><strong>Quo</strong></span> <span class='ocrx_word' id='word_1_8' title='bbox 1587 598 1785 663; x_wconf 87' lang='lat' dir='ltr'><strong>titulo</strong></span> <span class='ocrx_word' id='word_1_9' title='bbox 1832 599 2110 683; x_wconf 79' lang='lat' dir='ltr'>Eupolis</span> <span class='ocrx_word' id='word_1_10' title='bbox 2158 598 2553 663; x_wconf 86' lang='lat' dir='ltr'><strong>comoediam</strong></span> <span class='ocrx_word' id='word_1_11' title='bbox 2602 599 2881 682; x_wconf 75' lang='lat' dir='ltr'><strong>scripsit,</strong></span> <span class='ocrx_word' id='word_1_12' title='bbox 2918 598 3001 661; x_wconf 90' lang='lat' dir='ltr'><strong>ob</strong></span> 
     </span>
     <span class='ocr_line' id='line_1_3' title="bbox 549 705 2994 792; baseline -0.003 -21"><span class='ocrx_word' id='word_1_13' title='bbox 549 727 749 792; x_wconf 88' lang='lat' dir='ltr'><strong>quam</strong></span> <span class='ocrx_word' id='word_1_14' title='bbox 795 708 877 771; x_wconf 87' lang='lat' dir='ltr'><strong>ab</strong></span> <span class='ocrx_word' id='word_1_15' title='bbox 926 705 1283 782; x_wconf 78' lang='lat' dir='ltr'><strong>Alcibiade,</strong></span> <span class='ocrx_word' id='word_1_16' title='bbox 1337 726 1533 790; x_wconf 89' lang='lat' dir='ltr'><strong>quem</strong></span> <span class='ocrx_word' id='word_1_17' title='bbox 1579 707 1910 790; x_wconf 87' lang='lat' dir='ltr'><strong>praecipue</strong></span> <span class='ocrx_word' id='word_1_18' title='bbox 1979 706 2467 791; x_wconf 72' lang='lat' dir='ltr'><strong>perstrinxerat,</strong></span> <span class='ocrx_word' id='word_1_19' title='bbox 2516 710 2791 770; x_wconf 89' lang='lat' dir='ltr'><strong>necatus</strong></span> <span class='ocrx_word' id='word_1_20' title='bbox 2838 709 2994 769; x_wconf 83' lang='lat' dir='ltr'><strong>est.»</strong></span> 
     </span>
     <span class='ocr_line' id='line_1_4' title="bbox 546 812 3001 897; baseline -0.001 -20"><span class='ocrx_word' id='word_1_21' title='bbox 546 814 966 897; x_wconf 86' lang='lat' dir='ltr'><strong>Eupolidem,</strong></span> <span class='ocrx_word' id='word_1_22' title='bbox 1015 814 1253 879; x_wconf 84' lang='lat' dir='ltr'><strong>veteris</strong></span> <span class='ocrx_word' id='word_1_23' title='bbox 1302 813 1641 878; x_wconf 83' lang='lat' dir='ltr'><strong>comoediae</strong></span> <span class='ocrx_word' id='word_1_24' title='bbox 1690 814 1923 879; x_wconf 85' lang='lat' dir='ltr'><strong>Atticae</strong></span> <span class='ocrx_word' id='word_1_25' title='bbox 1956 819 2319 888; x_wconf 76' lang='lat' dir='ltr'><strong>auctorem,</strong></span> <span class='ocrx_word' id='word_1_26' title='bbox 2353 816 2833 878; x_wconf 81' lang='lat' dir='ltr'><strong>commemorat</strong></span> <span class='ocrx_word' id='word_1_27' title='bbox 2864 812 3001 877; x_wconf 84' lang='lat' dir='ltr'><strong>Ho-</strong></span> 
     </span>
     <span class='ocr_line' id='line_1_5' title="bbox 542 916 2998 1010; baseline -0.001 -25"><span class='ocrx_word' id='word_1_28' title='bbox 542 921 752 987; x_wconf 89' lang='lat' dir='ltr'><strong>ratius</strong></span> <span class='ocrx_word' id='word_1_29' title='bbox 814 922 1016 986; x_wconf 91' lang='lat' dir='ltr'><strong>etiam</strong></span> <span class='ocrx_word' id='word_1_30' title='bbox 1063 921 1200 987; x_wconf 84' lang='lat' dir='ltr'><strong>Sat.</strong></span> <span class='ocrx_word' id='word_1_31' title='bbox 1266 922 1317 985; x_wconf 94' lang='grc' dir='ltr'><strong>Ι.</strong></span> <span class='ocrx_word' id='word_1_32' title='bbox 1366 922 1427 999; x_wconf 82' lang='grc'><strong>4,</strong></span> <span class='ocrx_word' id='word_1_33' title='bbox 1485 923 1683 986; x_wconf 83' lang='lat'>1—5:</span> <span class='ocrx_word' id='word_1_34' title='bbox 1741 916 2063 1010; x_wconf 80' lang='lat' dir='ltr'><strong>«Eupolis</strong></span> <span class='ocrx_word' id='word_1_35' title='bbox 2128 925 2327 1006; x_wconf 82' lang='lat' dir='ltr'><strong>atque</strong></span> <span class='ocrx_word' id='word_1_36' title='bbox 2393 920 2705 985; x_wconf 79' lang='lat' dir='ltr'><strong>Cratinus</strong></span> <span class='ocrx_word' id='word_1_37' title='bbox 2751 920 2998 983; x_wconf 87' lang='lat' dir='ltr'><strong>Aristo-</strong></span> 
     </span>
     <span class='ocr_line' id='line_1_6' title="bbox 541 1027 3001 1113; baseline -0.001 -21"><span class='ocrx_word' id='word_1_38' title='bbox 541 1028 926 1113; x_wconf 90' lang='lat' dir='ltr'><strong>phanesque</strong></span> <span class='ocrx_word' id='word_1_39' title='bbox 985 1033 1196 1111; x_wconf 85' lang='lat' dir='ltr'><strong>poetae</strong></span> <span class='ocrx_word' id='word_1_40' title='bbox 1244 1029 1457 1109; x_wconf 89' lang='lat' dir='ltr'><strong>Atque</strong></span> <span class='ocrx_word' id='word_1_41' title='bbox 1524 1027 1657 1105; x_wconf 83' lang='lat' dir='ltr'><strong>alii,</strong></span> <span class='ocrx_word' id='word_1_42' title='bbox 1724 1048 2009 1110; x_wconf 88' lang='lat' dir='ltr'><strong>quorum</strong></span> <span class='ocrx_word' id='word_1_43' title='bbox 2056 1027 2382 1092; x_wconf 86' lang='lat' dir='ltr'><strong>comoedia</strong></span> <span class='ocrx_word' id='word_1_44' title='bbox 2426 1028 2643 1111; x_wconf 83' lang='lat' dir='ltr'><strong>prisca</strong></span> <span class='ocrx_word' id='word_1_45' title='bbox 2702 1027 3001 1091; x_wconf 81' lang='lat' dir='ltr'><strong>virorum</strong></span> 
     </span>
     <span class='ocr_line' id='line_1_7' title="bbox 543 1128 3000 1221; baseline -0.001 -22"><span class='ocrx_word' id='word_1_46' title='bbox 543 1139 660 1212; x_wconf 85' lang='lat' dir='ltr'><strong>est,</strong></span> <span class='ocrx_word' id='word_1_47' title='bbox 730 1134 800 1200; x_wconf 79' lang='lat' dir='ltr'><strong>Si</strong></span> <span class='ocrx_word' id='word_1_48' title='bbox 870 1136 1015 1219; x_wconf 90' lang='lat' dir='ltr'><strong>quis</strong></span> <span class='ocrx_word' id='word_1_49' title='bbox 1065 1138 1202 1199; x_wconf 87' lang='lat' dir='ltr'><strong>erat</strong></span> <span class='ocrx_word' id='word_1_50' title='bbox 1273 1135 1510 1215; x_wconf 86' lang='lat' dir='ltr'><strong>dignus</strong></span> <span class='ocrx_word' id='word_1_51' title='bbox 1583 1134 1884 1211; x_wconf 87' lang='lat' dir='ltr'><strong>describi,</strong></span> <span class='ocrx_word' id='word_1_52' title='bbox 1958 1135 2137 1218; x_wconf 90' lang='lat' dir='ltr'><strong>quod</strong></span> <span class='ocrx_word' id='word_1_53' title='bbox 2208 1130 2423 1201; x_wconf 81' lang='lat' dir='ltr'><strong>malus</strong></span> <span class='ocrx_word' id='word_1_54' title='bbox 2492 1154 2569 1199; x_wconf 91' lang='lat' dir='ltr'><strong>ac</strong></span> <span class='ocrx_word' id='word_1_55' title='bbox 2596 1128 2749 1221; x_wconf 88' lang='lat' dir='ltr'><strong>fur,</strong></span> <span class='ocrx_word' id='word_1_56' title='bbox 2806 1132 3000 1212; x_wconf 78' lang='lat' dir='ltr'><strong>Quod</strong></span> 
     </span>
     <span class='ocr_line' id='line_1_8' title="bbox 541 1240 2998 1324; baseline -0.002 -16"><span class='ocrx_word' id='word_1_57' title='bbox 541 1240 832 1308; x_wconf 77' lang='lat' dir='ltr'><strong>moechus</strong></span> <span class='ocrx_word' id='word_1_58' title='bbox 879 1243 1048 1306; x_wconf 81' lang='lat' dir='ltr'><strong>foret</strong></span> <span class='ocrx_word' id='word_1_59' title='bbox 1079 1247 1196 1306; x_wconf 89' lang='lat' dir='ltr'><strong>aut</strong></span> <span class='ocrx_word' id='word_1_60' title='bbox 1227 1241 1502 1306; x_wconf 89' lang='lat' dir='ltr'><strong>sicarius</strong></span> <span class='ocrx_word' id='word_1_61' title='bbox 1534 1244 1652 1305; x_wconf 89' lang='lat' dir='ltr'><strong>aut</strong></span> <span class='ocrx_word' id='word_1_62' title='bbox 1682 1241 1935 1324; x_wconf 87' lang='lat' dir='ltr'><strong>alioqui</strong></span> <span class='ocrx_word' id='word_1_63' title='bbox 1964 1243 2309 1318; x_wconf 85' lang='lat' dir='ltr'><strong>Famosus,</strong></span> <span class='ocrx_word' id='word_1_64' title='bbox 2358 1242 2571 1306; x_wconf 89' lang='lat' dir='ltr'><strong>multa</strong></span> <span class='ocrx_word' id='word_1_65' title='bbox 2605 1262 2757 1306; x_wconf 91' lang='lat' dir='ltr'><strong>cum</strong></span> <span class='ocrx_word' id='word_1_66' title='bbox 2804 1240 2998 1303; x_wconf 87' lang='lat' dir='ltr'><strong>liber-</strong></span> 
     </span>
     <span class='ocr_line' id='line_1_9' title="bbox 541 1341 2999 1433; baseline -0.001 -23"><span class='ocrx_word' id='word_1_67' title='bbox 541 1349 676 1412; x_wconf 87' lang='lat' dir='ltr'><strong>tate</strong></span> <span class='ocrx_word' id='word_1_68' title='bbox 709 1347 1090 1411; x_wconf 76' lang='lat' dir='ltr'><strong>notabant.»</strong></span> <span class='ocrx_word' id='word_1_69' title='bbox 1132 1385 1220 1391; x_wconf 91' lang='lat'>—</span> <span class='ocrx_word' id='word_1_70' title='bbox 1252 1341 1367 1414; x_wconf 80' lang='lat' dir='ltr'><strong>Ad</strong></span> <span class='ocrx_word' id='word_1_71' title='bbox 1392 1341 1681 1433; x_wconf 79' lang='lat' dir='ltr'><strong>feriatos</strong></span> <span class='ocrx_word' id='word_1_72' title='bbox 1708 1342 2035 1433; x_wconf 64' lang='lat' dir='ltr'><strong>fascium,</strong></span> <span class='ocrx_word' id='word_1_73' title='bbox 2071 1347 2351 1411; x_wconf 89' lang='lat' dir='ltr'><strong>obscene</strong></span> <span class='ocrx_word' id='word_1_74' title='bbox 2401 1347 2689 1411; x_wconf 87' lang='lat' dir='ltr'><strong>dictum:</strong></span> <span class='ocrx_word' id='word_1_75' title='bbox 2742 1346 2999 1410; x_wconf 88' lang='lat' dir='ltr'><strong>intelle·</strong></span> 
     </span>
     <span class='ocr_line' id='line_1_10' title="bbox 540 1452 2999 1537; baseline -0.001 -19"><span class='ocrx_word' id='word_1_76' title='bbox 540 1454 739 1535; x_wconf 86' lang='lat' dir='ltr'><strong>gendi</strong></span> <span class='ocrx_word' id='word_1_77' title='bbox 771 1458 930 1518; x_wconf 89' lang='lat' dir='ltr'><strong>sunt</strong></span> <span class='ocrx_word' id='word_1_78' title='bbox 959 1453 1318 1537; x_wconf 90' lang='lat' dir='ltr'><strong>pedicones</strong></span> <span class='ocrx_word' id='word_1_79' title='bbox 1349 1454 1592 1517; x_wconf 88' lang='lat' dir='ltr'><strong>festum</strong></span> <span class='ocrx_word' id='word_1_80' title='bbox 1627 1453 1932 1537; x_wconf 86' lang='lat' dir='ltr'><strong>Cotyttus</strong></span> <span class='ocrx_word' id='word_1_81' title='bbox 1964 1458 2253 1535; x_wconf 86' lang='lat' dir='ltr'><strong>agentes,</strong></span> <span class='ocrx_word' id='word_1_82' title='bbox 2290 1473 2574 1537; x_wconf 90' lang='lat' dir='ltr'><strong>quorum</strong></span> <span class='ocrx_word' id='word_1_83' title='bbox 2606 1452 2999 1517; x_wconf 87' lang='lat' dir='ltr'><strong>libidinibus</strong></span> 
     </span>
     <span class='ocr_line' id='line_1_11' title="bbox 540 1556 2997 1643; baseline -0 -19"><span class='ocrx_word' id='word_1_84' title='bbox 540 1561 938 1625; x_wconf 88' lang='lat' dir='ltr'><strong>inserviebat</strong></span> <span class='ocrx_word' id='word_1_85' title='bbox 998 1560 1358 1625; x_wconf 78' lang='lat' dir='ltr'><strong>Pediatius.</strong></span> <span class='ocrx_word' id='word_1_86' title='bbox 1425 1556 1498 1627; x_wconf 87' lang='lat' dir='ltr'><em>F</em></span> <span class='ocrx_word' id='word_1_87' title='bbox 1493 1558 1710 1627; x_wconf 79' lang='lat' dir='ltr'><strong>ascim‘</strong></span> <span class='ocrx_word' id='word_1_88' title='bbox 1775 1581 1928 1642; x_wconf 86' lang='lat' dir='ltr'><strong>ergo</strong></span> <span class='ocrx_word' id='word_1_89' title='bbox 2001 1561 2173 1624; x_wconf 89' lang='lat' dir='ltr'><strong>viros</strong></span> <span class='ocrx_word' id='word_1_90' title='bbox 2246 1560 2644 1643; x_wconf 83' lang='lat' dir='ltr'><strong>significant,</strong></span> <span class='ocrx_word' id='word_1_91' title='bbox 2694 1564 2771 1625; x_wconf 91' lang='lat' dir='ltr'><strong>ut</strong></span> <span class='ocrx_word' id='word_1_92' title='bbox 2817 1559 2997 1642; x_wconf 85' lang='lat' dir='ltr'><strong>apud</strong></span> 
     </span>
     <span class='ocr_line' id='line_1_12' title="bbox 538 1662 2999 1745; baseline -0.001 -14"><span class='ocrx_word' id='word_1_93' title='bbox 538 1665 894 1731; x_wconf 90' lang='lat' dir='ltr'><strong>Horatium</strong></span> <span class='ocrx_word' id='word_1_94' title='bbox 952 1686 1203 1733; x_wconf 80' lang='lat' dir='ltr'><strong>cunnus</strong></span> <span class='ocrx_word' id='word_1_95' title='bbox 1268 1667 1627 1744; x_wconf 84' lang='lat' dir='ltr'><strong>feminam;</strong></span> <span class='ocrx_word' id='word_1_96' title='bbox 1681 1669 1762 1731; x_wconf 82' lang='lat' dir='ltr'><strong>cf.</strong></span> <span class='ocrx_word' id='word_1_97' title='bbox 1813 1667 1951 1733; x_wconf 84' lang='lat' dir='ltr'><strong>Sat.</strong></span> <span class='ocrx_word' id='word_1_98' title='bbox 2001 1669 2053 1732; x_wconf 94' lang='grc' dir='ltr'><strong>Ι.</strong></span> <span class='ocrx_word' id='word_1_99' title='bbox 2126 1669 2186 1745; x_wconf 71' lang='lat'><strong>2,</strong></span> <span class='ocrx_word' id='word_1_100' title='bbox 2261 1668 2378 1731; x_wconf 83' lang='lat'><strong>36:</strong></span> <span class='ocrx_word' id='word_1_101' title='bbox 2434 1667 2747 1730; x_wconf 79' lang='lat' dir='ltr'><strong>«mirator</strong></span> <span class='ocrx_word' id='word_1_102' title='bbox 2794 1662 2999 1731; x_wconf 79' lang='lat' dir='ltr'><strong>cunni</strong></span> 
     </span>
     <span class='ocr_line' id='line_1_13' title="bbox 540 1774 2991 1858; baseline -0.001 -19"><span class='ocrx_word' id='word_1_103' title='bbox 540 1774 953 1858; x_wconf 89' lang='lat' dir='ltr'><strong>Cupiennius</strong></span> <span class='ocrx_word' id='word_1_104' title='bbox 1000 1775 1168 1838; x_wconf 86' lang='lat' dir='ltr'><strong>albi»</strong></span> <span class='ocrx_word' id='word_1_105' title='bbox 1224 1775 1266 1839; x_wconf 91' lang='lat' dir='ltr'><strong>i.</strong></span> <span class='ocrx_word' id='word_1_106' title='bbox 1317 1796 1372 1840; x_wconf 88' lang='lat' dir='ltr'><strong>e.</strong></span> <span class='ocrx_word' id='word_1_107' title='bbox 1423 1778 1882 1839; x_wconf 87' lang='lat' dir='ltr'><strong>matronarum</strong></span> <span class='ocrx_word' id='word_1_108' title='bbox 1932 1776 2099 1840; x_wconf 87' lang='lat' dir='ltr'><strong>albis</strong></span> <span class='ocrx_word' id='word_1_109' title='bbox 2165 1775 2351 1840; x_wconf 90' lang='lat' dir='ltr'><strong>stolis</strong></span> <span class='ocrx_word' id='word_1_110' title='bbox 2398 1775 2824 1849; x_wconf 81' lang='lat' dir='ltr'><strong>indutarum3</strong></span> <span class='ocrx_word' id='word_1_111' title='bbox 2875 1793 2991 1837; x_wconf 90' lang='lat' dir='ltr'><strong>no-</strong></span> 
     </span>
     <span class='ocr_line' id='line_1_14' title="bbox 538 1877 2989 1968; baseline -0 -23"><span class='ocrx_word' id='word_1_112' title='bbox 538 1882 834 1945; x_wconf 88' lang='lat' dir='ltr'><strong>tissimus</strong></span> <span class='ocrx_word' id='word_1_113' title='bbox 883 1885 982 1945; x_wconf 85' lang='lat' dir='ltr'><strong>est</strong></span> <span class='ocrx_word' id='word_1_114' title='bbox 1027 1885 1252 1945; x_wconf 89' lang='lat' dir='ltr'><strong>autem</strong></span> <span class='ocrx_word' id='word_1_115' title='bbox 1300 1881 1488 1946; x_wconf 90' lang='lat' dir='ltr'><strong>locus</strong></span> <span class='ocrx_word' id='word_1_116' title='bbox 1536 1882 1667 1955; x_wconf 89' lang='lat' dir='ltr'><strong>ille,</strong></span> <span class='ocrx_word' id='word_1_117' title='bbox 1717 1902 1916 1965; x_wconf 88' lang='lat' dir='ltr'><strong>quem</strong></span> <span class='ocrx_word' id='word_1_118' title='bbox 1964 1883 2164 1947; x_wconf 87' lang='lat' dir='ltr'><strong>etiam</strong></span> <span class='ocrx_word' id='word_1_119' title='bbox 2200 1877 2387 1949; x_wconf 82' lang='lat' dir='ltr'><strong>Lord</strong></span> <span class='ocrx_word' id='word_1_120' title='bbox 2414 1878 2659 1968; x_wconf 78' lang='lat' dir='ltr'><strong>Byron,</strong></span> <span class='ocrx_word' id='word_1_121' title='bbox 2691 1881 2989 1945; x_wconf 88' lang='lat' dir='ltr'><strong>illustris-</strong></span> 
     </span>
     <span class='ocr_line' id='line_1_15' title="bbox 537 1984 2991 2071; baseline 0 -19"><span class='ocrx_word' id='word_1_122' title='bbox 537 1989 744 2052; x_wconf 90' lang='lat' dir='ltr'><strong>simus</strong></span> <span class='ocrx_word' id='word_1_123' title='bbox 789 1988 1268 2052; x_wconf 83' lang='lat' dir='ltr'><strong>Britannorum</strong></span> <span class='ocrx_word' id='word_1_124' title='bbox 1314 1993 1532 2071; x_wconf 80' lang='lat' dir='ltr'><strong>poeta,</strong></span> <span class='ocrx_word' id='word_1_125' title='bbox 1582 1988 1652 2051; x_wconf 92' lang='lat' dir='ltr'><strong>in</strong></span> <span class='ocrx_word' id='word_1_126' title='bbox 1701 1984 1863 2055; x_wconf 84' lang='lat' dir='ltr'><strong>Don</strong></span> <span class='ocrx_word' id='word_1_127' title='bbox 1910 1984 2168 2067; x_wconf 51' lang='lat' dir='ltr'><strong>duan-⁴5</strong></span> <span class='ocrx_word' id='word_1_128' title='bbox 2229 1989 2619 2054; x_wconf 86' lang='lat' dir='ltr'><strong>celebravit:</strong></span> <span class='ocrx_word' id='word_1_129' title='bbox 2668 1988 2803 2053; x_wconf 86' lang='lat' dir='ltr'><strong>Sat.</strong></span> <span class='ocrx_word' id='word_1_130' title='bbox 2852 1989 2900 2053; x_wconf 91' lang='grc' dir='ltr'><strong>Ι.</strong></span> <span class='ocrx_word' id='word_1_131' title='bbox 2932 1991 2991 2067; x_wconf 86' lang='grc'><strong>3,</strong></span> 
     </span>
     <span class='ocr_line' id='line_1_16' title="bbox 543 2094 2983 2161; baseline -0.002 -2"><span class='ocrx_word' id='word_1_132' title='bbox 543 2095 922 2159; x_wconf 84' lang='lat'>107—-108:</span> <span class='ocrx_word' id='word_1_133' title='bbox 965 2095 1167 2158; x_wconf 81' lang='lat' dir='ltr'><strong>«Nam</strong></span> <span class='ocrx_word' id='word_1_134' title='bbox 1192 2095 1319 2158; x_wconf 86' lang='lat' dir='ltr'><strong>fuit</strong></span> <span class='ocrx_word' id='word_1_135' title='bbox 1337 2100 1490 2159; x_wconf 91' lang='lat' dir='ltr'><strong>ante</strong></span> <span class='ocrx_word' id='word_1_136' title='bbox 1517 2094 1844 2159; x_wconf 91' lang='lat' dir='ltr'><strong>Helenam</strong></span> <span class='ocrx_word' id='word_1_137' title='bbox 1869 2116 2122 2161; x_wconf 80' lang='lat' dir='ltr'><strong>cunnus</strong></span> <span class='ocrx_word' id='word_1_138' title='bbox 2145 2097 2503 2160; x_wconf 75' lang='lat' dir='ltr'><strong>taeterrima</strong></span> <span class='ocrx_word' id='word_1_139' title='bbox 2528 2096 2684 2159; x_wconf 88' lang='lat' dir='ltr'><strong>belli</strong></span> <span class='ocrx_word' id='word_1_140' title='bbox 2709 2095 2983 2161; x_wconf 72' lang='lat' dir='ltr'><strong>Causa.»</strong></span> 
     </span>
     <span class='ocr_line' id='line_1_17' title="bbox 485 2201 2989 2286; baseline 0.001 -21"><span class='ocrx_word' id='word_1_141' title='bbox 485 2263 491 2273; x_wconf 83' lang='grc'><em>,</em></span> <span class='ocrx_word' id='word_1_142' title='bbox 535 2201 892 2267; x_wconf 83' lang='lat' dir='ltr'><strong>Horatium</strong></span> <span class='ocrx_word' id='word_1_143' title='bbox 938 2202 1158 2284; x_wconf 90' lang='lat' dir='ltr'><strong>ipsum</strong></span> <span class='ocrx_word' id='word_1_144' title='bbox 1206 2203 1544 2283; x_wconf 86' lang='lat' dir='ltr'><strong>Augustus</strong></span> <span class='ocrx_word' id='word_1_145' title='bbox 1589 2206 1755 2265; x_wconf 88' lang='lat' dir='ltr'><strong>teste</strong></span> <span class='ocrx_word' id='word_1_146' title='bbox 1806 2201 2126 2267; x_wconf 87' lang='lat' dir='ltr'><strong>Suetonio</strong></span> <span class='ocrx_word' id='word_1_147' title='bbox 2163 2203 2260 2282; x_wconf 90' lang='lat' dir='ltr'><strong>(in</strong></span> <span class='ocrx_word' id='word_1_148' title='bbox 2292 2202 2430 2267; x_wconf 84' lang='lat' dir='ltr'><strong>vita</strong></span> <span class='ocrx_word' id='word_1_149' title='bbox 2459 2202 2739 2279; x_wconf 87' lang='lat' dir='ltr'><strong>Horatii)</strong></span> <span class='ocrx_word' id='word_1_150' title='bbox 2782 2224 2989 2286; x_wconf 85' lang='lat' dir='ltr'><strong>«eaepe</strong></span> 
     </span>
     <span class='ocr_line' id='line_1_18' title="bbox 533 2307 2985 2397; baseline 0 -25"><span class='ocrx_word' id='word_1_151' title='bbox 533 2309 708 2372; x_wconf 88' lang='lat' dir='ltr'><strong>inter</strong></span> <span class='ocrx_word' id='word_1_152' title='bbox 770 2307 935 2371; x_wconf 89' lang='lat' dir='ltr'><strong>alios</strong></span> <span class='ocrx_word' id='word_1_153' title='bbox 1001 2308 1178 2371; x_wconf 92' lang='lat' dir='ltr'><strong>iocos</strong></span> <span class='ocrx_word' id='word_1_154' title='bbox 1226 2309 1657 2390; x_wconf 89' lang='lat' dir='ltr'><strong>purissimum</strong></span> <span class='ocrx_word' id='word_1_155' title='bbox 1702 2328 1929 2397; x_wconf 79' lang='lat' dir='ltr'><strong>penem</strong></span> <span class='ocrx_word' id='word_1_156' title='bbox 1978 2314 2043 2375; x_wconf 89' lang='lat' dir='ltr'><strong>et</strong></span> <span class='ocrx_word' id='word_1_157' title='bbox 2090 2309 2612 2374; x_wconf 90' lang='lat' dir='ltr'><strong>homuncionem</strong></span> <span class='ocrx_word' id='word_1_158' title='bbox 2661 2310 2985 2393; x_wconf 88' lang='lat' dir='ltr'><strong>lepidissi-</strong></span> 
     </span>
     <span class='ocr_line' id='line_1_19' title="bbox 532 2410 2987 2502; baseline 0 -22"><span class='ocrx_word' id='word_1_159' title='bbox 532 2435 756 2480; x_wconf 84' lang='lat' dir='ltr'><strong>mum»</strong></span> <span class='ocrx_word' id='word_1_160' title='bbox 831 2414 1208 2498; x_wconf 85' lang='lat' dir='ltr'><strong>appellavit.</strong></span> <span class='ocrx_word' id='word_1_161' title='bbox 1255 2452 1342 2458; x_wconf 78' lang='lat'><strong>-—</strong></span> <span class='ocrx_word' id='word_1_162' title='bbox 1360 2410 1666 2502; x_wconf 52' lang='lat' dir='ltr'><strong>feriato&amp;</strong></span> <span class='ocrx_word' id='word_1_163' title='bbox 1734 2418 1977 2481; x_wconf 84' lang='lat' dir='ltr'><strong>festum</strong></span> <span class='ocrx_word' id='word_1_164' title='bbox 2042 2421 2332 2499; x_wconf 75' lang='lat' dir='ltr'><strong>agenteS,</strong></span> <span class='ocrx_word' id='word_1_165' title='bbox 2401 2420 2477 2481; x_wconf 90' lang='lat' dir='ltr'><strong>ut</strong></span> <span class='ocrx_word' id='word_1_166' title='bbox 2544 2417 2708 2480; x_wconf 91' lang='lat' dir='ltr'><strong>Hor.</strong></span> <span class='ocrx_word' id='word_1_167' title='bbox 2774 2417 2987 2481; x_wconf 85' lang='lat' dir='ltr'><strong>Ca&#39;rm.</strong></span> 
     </span>
     <span class='ocr_line' id='line_1_20' title="bbox 531 2518 2991 2610; baseline 0 -23"><span class='ocrx_word' id='word_1_168' title='bbox 531 2524 640 2587; x_wconf 88' lang='lat' dir='ltr'><strong>IV.</strong></span> <span class='ocrx_word' id='word_1_169' title='bbox 709 2523 769 2596; x_wconf 88' lang='lat'><strong>6,</strong></span> <span class='ocrx_word' id='word_1_170' title='bbox 851 2522 1135 2585; x_wconf 75' lang='lat'>14--152</span> <span class='ocrx_word' id='word_1_171' title='bbox 1206 2522 1413 2585; x_wconf 87' lang='lat' dir='ltr'><strong>«male</strong></span> <span class='ocrx_word' id='word_1_172' title='bbox 1462 2522 1731 2587; x_wconf 87' lang='lat' dir='ltr'><strong>feriatos</strong></span> <span class='ocrx_word' id='word_1_173' title='bbox 1779 2524 2037 2587; x_wconf 64' lang='lat' dir='ltr'><strong>Troas»</strong></span> <span class='ocrx_word' id='word_1_174' title='bbox 2114 2518 2407 2589; x_wconf 79' lang='lat' dir='ltr'><strong>Feriatos</strong></span> <span class='ocrx_word' id='word_1_175' title='bbox 2433 2519 2747 2610; x_wconf 79' lang='lat' dir='ltr'><strong>fascinos</strong></span> <span class='ocrx_word' id='word_1_176' title='bbox 2792 2524 2991 2607; x_wconf 86' lang='lat' dir='ltr'><strong>igitur</strong></span> 
     </span>
     <span class='ocr_line' id='line_1_21' title="bbox 532 2628 2986 2714; baseline 0.001 -21"><span class='ocrx_word' id='word_1_177' title='bbox 532 2630 708 2694; x_wconf 88' lang='lat' dir='ltr'><strong>idem</strong></span> <span class='ocrx_word' id='word_1_178' title='bbox 768 2628 1111 2709; x_wconf 86' lang='lat' dir='ltr'><strong>significat,</strong></span> <span class='ocrx_word' id='word_1_179' title='bbox 1171 2629 1347 2711; x_wconf 90' lang='lat' dir='ltr'><strong>quod</strong></span> <span class='ocrx_word' id='word_1_180' title='bbox 1411 2629 1618 2711; x_wconf 89' lang='lat' dir='ltr'><strong>Epod.</strong></span> <span class='ocrx_word' id='word_1_181' title='bbox 1707 2631 1805 2703; x_wconf 87' lang='grc'><strong>17,</strong></span> <span class='ocrx_word' id='word_1_182' title='bbox 1856 2632 2150 2694; x_wconf 82' lang='lat'>56—57:</span> <span class='ocrx_word' id='word_1_183' title='bbox 2210 2630 2537 2714; x_wconf 82' lang='lat' dir='ltr'><strong>«Cotyttia</strong></span> <span class='ocrx_word' id='word_1_184' title='bbox 2570 2681 2585 2696; x_wconf 92' lang='lat'><strong>.</strong></span> <span class='ocrx_word' id='word_1_185' title='bbox 2623 2679 2638 2693; x_wconf 92' lang='lat'><strong>.</strong></span> <span class='ocrx_word' id='word_1_186' title='bbox 2674 2682 2689 2695; x_wconf 92' lang='lat'><strong>.</strong></span> <span class='ocrx_word' id='word_1_187' title='bbox 2725 2652 2986 2695; x_wconf 88' lang='lat' dir='ltr'><strong>sacrum</strong></span> 
     </span>
     <span class='ocr_line' id='line_1_22' title="bbox 531 2734 2987 2821; baseline 0 -20"><span class='ocrx_word' id='word_1_188' title='bbox 531 2737 722 2801; x_wconf 91' lang='lat' dir='ltr'><strong>liberi</strong></span> <span class='ocrx_word' id='word_1_189' title='bbox 782 2734 1198 2820; x_wconf 85' lang='lat' dir='ltr'><strong>Cupidinis»,</strong></span> <span class='ocrx_word' id='word_1_190' title='bbox 1258 2738 1376 2801; x_wconf 87' lang='lat' dir='ltr'><strong>ubi</strong></span> <span class='ocrx_word' id='word_1_191' title='bbox 1433 2742 1632 2821; x_wconf 91' lang='lat' dir='ltr'><strong>poeta</strong></span> <span class='ocrx_word' id='word_1_192' title='bbox 1695 2739 1780 2801; x_wconf 92' lang='lat' dir='ltr'><strong>ad</strong></span> <span class='ocrx_word' id='word_1_193' title='bbox 1828 2738 2009 2801; x_wconf 91' lang='lat' dir='ltr'><strong>hunc</strong></span> <span class='ocrx_word' id='word_1_194' title='bbox 2056 2738 2275 2821; x_wconf 90' lang='lat' dir='ltr'><strong>ipsum</strong></span> <span class='ocrx_word' id='word_1_195' title='bbox 2322 2738 2544 2801; x_wconf 88' lang='lat' dir='ltr'><strong>locum</strong></span> <span class='ocrx_word' id='word_1_196' title='bbox 2593 2737 2851 2803; x_wconf 86' lang='lat' dir='ltr'><strong>alludit.</strong></span> <span class='ocrx_word' id='word_1_197' title='bbox 2899 2777 2987 2783; x_wconf 85' lang='lat'><strong>——</strong></span> 
     </span>
     <span class='ocr_line' id='line_1_23' title="bbox 523 2840 2984 2928; baseline -0.001 -18"><span class='ocrx_word' id='word_1_198' title='bbox 523 2840 838 2928; x_wconf 58' lang='lat' dir='ltr'><strong>fascino&amp;</strong></span> <span class='ocrx_word' id='word_1_199' title='bbox 905 2845 1180 2907; x_wconf 89' lang='lat' dir='ltr'><strong>verbum</strong></span> <span class='ocrx_word' id='word_1_200' title='bbox 1247 2845 1528 2909; x_wconf 89' lang='lat' dir='ltr'><strong>occurrit</strong></span> <span class='ocrx_word' id='word_1_201' title='bbox 1589 2846 1769 2928; x_wconf 91' lang='lat' dir='ltr'><strong>apud</strong></span> <span class='ocrx_word' id='word_1_202' title='bbox 1817 2844 1980 2908; x_wconf 92' lang='lat' dir='ltr'><strong>Hor.</strong></span> <span class='ocrx_word' id='word_1_203' title='bbox 2028 2843 2241 2927; x_wconf 88' lang='lat' dir='ltr'><strong>Epod.</strong></span> <span class='ocrx_word' id='word_1_204' title='bbox 2292 2843 2351 2921; x_wconf 89' lang='lat'><strong>8,</strong></span> <span class='ocrx_word' id='word_1_205' title='bbox 2409 2845 2703 2909; x_wconf 84' lang='lat'>17—18:</span> <span class='ocrx_word' id='word_1_206' title='bbox 2764 2846 2984 2908; x_wconf 88' lang='lat' dir='ltr'><strong>«Inlit-</strong></span> 
     </span>
     <span class='ocr_line' id='line_1_24' title="bbox 529 2951 2815 3035; baseline 0.001 -20"><span class='ocrx_word' id='word_1_207' title='bbox 529 2952 722 3015; x_wconf 87' lang='lat' dir='ltr'><strong>terati</strong></span> <span class='ocrx_word' id='word_1_208' title='bbox 769 2971 934 3013; x_wconf 89' lang='lat' dir='ltr'><strong>num</strong></span> <span class='ocrx_word' id='word_1_209' title='bbox 982 2951 1190 3033; x_wconf 85' lang='lat' dir='ltr'><strong>magis</strong></span> <span class='ocrx_word' id='word_1_210' title='bbox 1238 2952 1421 3015; x_wconf 86' lang='lat' dir='ltr'><strong>nervi</strong></span> <span class='ocrx_word' id='word_1_211' title='bbox 1468 2952 1684 3035; x_wconf 86' lang='lat' dir='ltr'><strong>rigent</strong></span> <span class='ocrx_word' id='word_1_212' title='bbox 1729 2951 2036 3016; x_wconf 87' lang='lat' dir='ltr'><strong>Minusve</strong></span> <span class='ocrx_word' id='word_1_213' title='bbox 2085 2953 2357 3034; x_wconf 87' lang='lat' dir='ltr'><strong>languet</strong></span> <span class='ocrx_word' id='word_1_214' title='bbox 2403 2952 2731 3016; x_wconf 82' lang='lat' dir='ltr'><strong>fascinum</strong></span> <span class='ocrx_word' id='word_1_215' title='bbox 2752 2959 2815 3017; x_wconf 68' lang='lat'><strong>52»</strong></span> 
     </span>
    </p>

    <p class='ocr_par' dir='ltr' id='par_1_3' title="bbox 521 3053 3071 4426">
     <span class='ocr_line' id='line_1_25' title="bbox 742 3053 2986 3136; baseline 0.001 -15"><span class='ocrx_word' id='word_1_216' title='bbox 742 3059 816 3121; x_wconf 91' lang='lat' dir='ltr'><strong>V.</strong></span> <span class='ocrx_word' id='word_1_217' title='bbox 871 3058 1152 3122; x_wconf 72' lang='lat'><strong>921—202.</strong></span> <span class='ocrx_word' id='word_1_218' title='bbox 1221 3054 1354 3124; x_wconf 78' lang='lat' dir='ltr'><strong>Nec</strong></span> <span class='ocrx_word' id='word_1_219' title='bbox 1417 3068 1473 3123; x_wconf 81' lang='lat' dir='ltr'><strong>tc</strong></span> <span class='ocrx_word' id='word_1_220' title='bbox 1537 3078 1780 3124; x_wconf 82' lang='lat' dir='ltr'><strong>movere</strong></span> <span class='ocrx_word' id='word_1_221' title='bbox 1844 3053 2203 3123; x_wconf 83' lang='lat' dir='ltr'><strong>lumbulum</strong></span> <span class='ocrx_word' id='word_1_222' title='bbox 2270 3056 2345 3124; x_wconf 78' lang='lat' dir='ltr'><strong>in</strong></span> <span class='ocrx_word' id='word_1_223' title='bbox 2392 3055 2731 3136; x_wconf 77' lang='lat' dir='ltr'><strong>crocotula,</strong></span> <span class='ocrx_word' id='word_1_224' title='bbox 2783 3060 2986 3124; x_wconf 87' lang='lat' dir='ltr'><strong>codex</strong></span> 
     </span>
     <span class='ocr_line' id='line_1_26' title="bbox 527 3160 2975 3231; baseline 0.001 -2"><span class='ocrx_word' id='word_1_225' title='bbox 527 3164 975 3229; x_wconf 83' lang='lat' dir='ltr'><strong>Bruxellensis</strong></span> <span class='ocrx_word' id='word_1_226' title='bbox 1022 3163 1261 3227; x_wconf 83' lang='lat' dir='ltr'><strong>habet:</strong></span> <span class='ocrx_word' id='word_1_227' title='bbox 1318 3164 1485 3227; x_wconf 84' lang='lat' dir='ltr'><strong>«Nec</strong></span> <span class='ocrx_word' id='word_1_228' title='bbox 1533 3160 1766 3231; x_wconf 77' lang='lat' dir='ltr'><strong>deinde</strong></span> <span class='ocrx_word' id='word_1_229' title='bbox 1812 3169 1874 3229; x_wconf 91' lang='lat' dir='ltr'><strong>te</strong></span> <span class='ocrx_word' id='word_1_230' title='bbox 1920 3184 2184 3228; x_wconf 86' lang='lat' dir='ltr'><strong>movere</strong></span> <span class='ocrx_word' id='word_1_231' title='bbox 2233 3161 2479 3231; x_wconf 84' lang='lat' dir='ltr'><strong>lumbos</strong></span> <span class='ocrx_word' id='word_1_232' title='bbox 2525 3166 2590 3229; x_wconf 89' lang='lat' dir='ltr'><strong>in</strong></span> <span class='ocrx_word' id='word_1_233' title='bbox 2626 3163 2975 3231; x_wconf 73' lang='lat' dir='ltr'><strong>ratulam.»</strong></span> 
     </span>
     <span class='ocr_line' id='line_1_27' title="bbox 528 3265 2984 3351; baseline 0.002 -15"><span class='ocrx_word' id='word_1_234' title='bbox 528 3271 655 3336; x_wconf 90' lang='lat' dir='ltr'><strong>Ubi</strong></span> <span class='ocrx_word' id='word_1_235' title='bbox 724 3265 958 3337; x_wconf 78' lang='lat' dir='ltr'><strong>deinde</strong></span> <span class='ocrx_word' id='word_1_236' title='bbox 1025 3270 1238 3346; x_wconf 91' lang='lat' dir='ltr'><strong>omisi,</strong></span> <span class='ocrx_word' id='word_1_237' title='bbox 1307 3272 1462 3351; x_wconf 88' lang='lat' dir='ltr'><strong>quia</strong></span> <span class='ocrx_word' id='word_1_238' title='bbox 1526 3292 1602 3335; x_wconf 85' lang='lat' dir='ltr'><strong>ex</strong></span> <span class='ocrx_word' id='word_1_239' title='bbox 1667 3280 1756 3337; x_wconf 78' lang='lat' dir='ltr'><strong>«te</strong></span> <span class='ocrx_word' id='word_1_240' title='bbox 1821 3294 2119 3337; x_wconf 80' lang='lat' dir='ltr'><strong>movere»</strong></span> <span class='ocrx_word' id='word_1_241' title='bbox 2191 3279 2409 3338; x_wconf 90' lang='lat' dir='ltr'><strong>ortum</strong></span> <span class='ocrx_word' id='word_1_242' title='bbox 2476 3273 2740 3337; x_wconf 85' lang='lat' dir='ltr'><strong>videtur</strong></span> <span class='ocrx_word' id='word_1_243' title='bbox 2793 3270 2984 3341; x_wconf 76' lang='lat' dir='ltr'><strong>«dein</strong></span> 
     </span>
     <span class='ocr_line' id='line_1_28' title="bbox 527 3370 2979 3469; baseline 0.002 -29"><span class='ocrx_word' id='word_1_244' title='bbox 527 3396 855 3452; x_wconf 84' lang='lat' dir='ltr'><strong>movere»,</strong></span> <span class='ocrx_word' id='word_1_245' title='bbox 906 3380 1050 3439; x_wconf 90' lang='lat' dir='ltr'><strong>tum</strong></span> <span class='ocrx_word' id='word_1_246' title='bbox 1108 3370 1378 3441; x_wconf 74' lang='lat' dir='ltr'><strong>«deinde</strong></span> <span class='ocrx_word' id='word_1_247' title='bbox 1439 3397 1769 3454; x_wconf 82' lang='lat' dir='ltr'><strong>movere»,</strong></span> <span class='ocrx_word' id='word_1_248' title='bbox 1819 3379 1904 3442; x_wconf 90' lang='lat' dir='ltr'><strong>ad</strong></span> <span class='ocrx_word' id='word_1_249' title='bbox 1954 3382 2339 3456; x_wconf 84' lang='lat' dir='ltr'><strong>extremum,</strong></span> <span class='ocrx_word' id='word_1_250' title='bbox 2370 3464 2373 3469; x_wconf 25' lang='grc'>-</span> <span class='ocrx_word' id='word_1_251' title='bbox 2404 3402 2556 3444; x_wconf 90' lang='lat' dir='ltr'><strong>cum</strong></span> <span class='ocrx_word' id='word_1_252' title='bbox 2611 3403 2979 3464; x_wconf 90' lang='lat' dir='ltr'><strong>pronomen</strong></span> 
     </span>
     <span class='ocr_line' id='line_1_29' title="bbox 528 3477 3071 3573; baseline 0.002 -27"><span class='ocrx_word' id='word_1_253' title='bbox 528 3482 1028 3559; x_wconf 88' lang='lat' dir='ltr'><strong>desideraretur,</strong></span> <span class='ocrx_word' id='word_1_254' title='bbox 1087 3477 1356 3548; x_wconf 80' lang='lat' dir='ltr'><strong>«deinde</strong></span> <span class='ocrx_word' id='word_1_255' title='bbox 1401 3492 1455 3548; x_wconf 77' lang='lat' dir='ltr'><strong>tc</strong></span> <span class='ocrx_word' id='word_1_256' title='bbox 1501 3504 1824 3549; x_wconf 83' lang='lat' dir='ltr'><strong>movere.»</strong></span> <span class='ocrx_word' id='word_1_257' title='bbox 1879 3486 2003 3548; x_wconf 91' lang='lat' dir='ltr'><strong>Pro</strong></span> <span class='ocrx_word' id='word_1_258' title='bbox 2038 3481 2286 3553; x_wconf 85' lang='lat' dir='ltr'><strong>lumbos</strong></span> <span class='ocrx_word' id='word_1_259' title='bbox 2318 3486 2549 3570; x_wconf 89' lang='lat' dir='ltr'><strong>scripsi</strong></span> <span class='ocrx_word' id='word_1_260' title='bbox 2594 3484 2982 3552; x_wconf 79' lang='lat' dir='ltr'><strong>lumbulum</strong></span> <span class='ocrx_word' id='word_1_261' title='bbox 3060 3555 3071 3573; x_wconf 71' lang='lat'><em>,</em></span> 
     </span>
     <span class='ocr_line' id='line_1_30' title="bbox 528 3585 2980 3673; baseline 0.002 -20"><span class='ocrx_word' id='word_1_262' title='bbox 528 3594 593 3653; x_wconf 90' lang='lat' dir='ltr'><strong>et</strong></span> <span class='ocrx_word' id='word_1_263' title='bbox 636 3610 755 3673; x_wconf 90' lang='lat' dir='ltr'><strong>pro</strong></span> <span class='ocrx_word' id='word_1_264' title='bbox 823 3590 1050 3670; x_wconf 88' lang='lat' dir='ltr'><strong>inepto</strong></span> <span class='ocrx_word' id='word_1_265' title='bbox 1115 3585 1405 3653; x_wconf 76' lang='lat' dir='ltr'><strong>rotulam</strong></span> <span class='ocrx_word' id='word_1_266' title='bbox 1475 3610 1552 3652; x_wconf 83' lang='lat' dir='ltr'><strong>ex</strong></span> <span class='ocrx_word' id='word_1_267' title='bbox 1618 3590 1857 3653; x_wconf 85' lang='lat' dir='ltr'><strong>Aldina</strong></span> <span class='ocrx_word' id='word_1_268' title='bbox 1923 3591 2007 3654; x_wconf 88' lang='lat' dir='ltr'><strong>II.</strong></span> <span class='ocrx_word' id='word_1_269' title='bbox 2058 3589 2469 3668; x_wconf 80' lang='lat' dir='ltr'><strong>crocotula3</strong></span> <span class='ocrx_word' id='word_1_270' title='bbox 2526 3594 2752 3658; x_wconf 86' lang='lat' dir='ltr'><strong>formis</strong></span> <span class='ocrx_word' id='word_1_271' title='bbox 2802 3596 2980 3659; x_wconf 91' lang='lat' dir='ltr'><strong>enim</strong></span> 
     </span>
     <span class='ocr_line' id='line_1_31' title="bbox 527 3693 2976 3784; baseline 0.003 -27"><span class='ocrx_word' id='word_1_272' title='bbox 527 3693 953 3759; x_wconf 88' lang='lat' dir='ltr'><strong>deminutivis</strong></span> <span class='ocrx_word' id='word_1_273' title='bbox 999 3694 1211 3757; x_wconf 87' lang='lat' dir='ltr'><strong>utitur</strong></span> <span class='ocrx_word' id='word_1_274' title='bbox 1254 3693 1573 3757; x_wconf 84' lang='lat' dir='ltr'><strong>Horatius</strong></span> <span class='ocrx_word' id='word_1_275' title='bbox 1620 3695 1704 3758; x_wconf 90' lang='lat' dir='ltr'><strong>ad</strong></span> <span class='ocrx_word' id='word_1_276' title='bbox 1753 3696 2098 3761; x_wconf 87' lang='lat' dir='ltr'><strong>mollitiem</strong></span> <span class='ocrx_word' id='word_1_277' title='bbox 2145 3700 2537 3763; x_wconf 87' lang='lat' dir='ltr'><strong>muliebrem</strong></span> <span class='ocrx_word' id='word_1_278' title='bbox 2586 3700 2822 3764; x_wconf 85' lang='lat' dir='ltr'><strong>cinaedi</strong></span> <span class='ocrx_word' id='word_1_279' title='bbox 2854 3702 2976 3784; x_wconf 85' lang='lat' dir='ltr'><strong>sig·</strong></span> 
     </span>
     <span class='ocr_line' id='line_1_32' title="bbox 526 3799 2976 3883; baseline 0.001 -18"><span class='ocrx_word' id='word_1_280' title='bbox 526 3799 931 3865; x_wconf 90' lang='lat' dir='ltr'><strong>nificandam</strong></span> <span class='ocrx_word' id='word_1_281' title='bbox 977 3800 1061 3862; x_wconf 90' lang='lat' dir='ltr'><strong>ad</strong></span> <span class='ocrx_word' id='word_1_282' title='bbox 1110 3801 1483 3883; x_wconf 85' lang='lat' dir='ltr'><strong>exemplum</strong></span> <span class='ocrx_word' id='word_1_283' title='bbox 1532 3801 1845 3864; x_wconf 90' lang='lat' dir='ltr'><strong>carminis</strong></span> <span class='ocrx_word' id='word_1_284' title='bbox 1894 3801 2133 3867; x_wconf 88' lang='lat' dir='ltr'><strong>Catull.</strong></span> <span class='ocrx_word' id='word_1_285' title='bbox 2184 3804 2287 3880; x_wconf 74' lang='lat'><strong>25,</strong></span> <span class='ocrx_word' id='word_1_286' title='bbox 2345 3806 2534 3869; x_wconf 71' lang='lat'><strong>1—2.</strong></span> <span class='ocrx_word' id='word_1_287' title='bbox 2567 3810 2633 3870; x_wconf 90' lang='lat' dir='ltr'><strong>et</strong></span> <span class='ocrx_word' id='word_1_288' title='bbox 2686 3806 2976 3881; x_wconf 76' lang='lat'>10-113</span> 
     </span>
     <span class='ocr_line' id='line_1_33' title="bbox 532 3903 2979 3992; baseline 0.006 -25"><span class='ocrx_word' id='word_1_289' title='bbox 532 3907 834 3973; x_wconf 75' lang='lat' dir='ltr'><strong>«Cinaede</strong></span> <span class='ocrx_word' id='word_1_290' title='bbox 884 3906 1133 3981; x_wconf 82' lang='lat' dir='ltr'><strong>Thalle,</strong></span> <span class='ocrx_word' id='word_1_291' title='bbox 1184 3907 1448 3971; x_wconf 91' lang='lat' dir='ltr'><strong>mollior</strong></span> <span class='ocrx_word' id='word_1_292' title='bbox 1507 3903 1799 3973; x_wconf 82' lang='lat' dir='ltr'><strong>cuniculi</strong></span> <span class='ocrx_word' id='word_1_293' title='bbox 1865 3910 2102 3992; x_wconf 89' lang='lat' dir='ltr'><strong>capillo</strong></span> <span class='ocrx_word' id='word_1_294' title='bbox 2153 3912 2273 3975; x_wconf 86' lang='lat' dir='ltr'><strong>Vel</strong></span> <span class='ocrx_word' id='word_1_295' title='bbox 2320 3913 2570 3976; x_wconf 88' lang='lat' dir='ltr'><strong>anseris</strong></span> <span class='ocrx_word' id='word_1_296' title='bbox 2618 3909 2979 3981; x_wconf 78' lang='lat' dir='ltr'><strong>medullula</strong></span> 
     </span>
     <span class='ocr_line' id='line_1_34' title="bbox 523 4007 2975 4102; baseline 0.003 -23"><span class='ocrx_word' id='word_1_297' title='bbox 523 4016 627 4079; x_wconf 86' lang='lat' dir='ltr'><strong>vel</strong></span> <span class='ocrx_word' id='word_1_298' title='bbox 672 4007 882 4079; x_wconf 79' lang='lat' dir='ltr'><strong>imula</strong></span> <span class='ocrx_word' id='word_1_299' title='bbox 931 4009 1241 4079; x_wconf 77' lang='lat' dir='ltr'><strong>auricilla</strong></span> <span class='ocrx_word' id='word_1_300' title='bbox 1278 4064 1292 4077; x_wconf 93' lang='lat'><strong>.</strong></span> <span class='ocrx_word' id='word_1_301' title='bbox 1329 4064 1344 4077; x_wconf 88' lang='lat'><strong>.</strong></span> <span class='ocrx_word' id='word_1_302' title='bbox 1381 4064 1395 4077; x_wconf 94' lang='lat'><strong>.</strong></span> <span class='ocrx_word' id='word_1_303' title='bbox 1431 4014 1526 4077; x_wconf 92' lang='lat' dir='ltr'><strong>Ne</strong></span> <span class='ocrx_word' id='word_1_304' title='bbox 1575 4015 1846 4079; x_wconf 89' lang='lat' dir='ltr'><strong>laneum</strong></span> <span class='ocrx_word' id='word_1_305' title='bbox 1895 4010 2286 4083; x_wconf 80' lang='lat' dir='ltr'><strong>latusculum</strong></span> <span class='ocrx_word' id='word_1_306' title='bbox 2341 4039 2713 4102; x_wconf 88' lang='lat' dir='ltr'><strong>manusque</strong></span> <span class='ocrx_word' id='word_1_307' title='bbox 2760 4017 2975 4088; x_wconf 82' lang='lat' dir='ltr'><strong>molli-</strong></span> 
     </span>
     <span class='ocr_line' id='line_1_35' title="bbox 525 4118 2975 4209; baseline 0.003 -21"><span class='ocrx_word' id='word_1_308' title='bbox 525 4118 718 4188; x_wconf 84' lang='lat' dir='ltr'><strong>cellas</strong></span> <span class='ocrx_word' id='word_1_309' title='bbox 765 4121 998 4183; x_wconf 87' lang='lat' dir='ltr'><strong>Inusta</strong></span> <span class='ocrx_word' id='word_1_310' title='bbox 1044 4121 1326 4203; x_wconf 79' lang='lat' dir='ltr'><strong>turpiter</strong></span> <span class='ocrx_word' id='word_1_311' title='bbox 1371 4121 1492 4185; x_wconf 86' lang='lat' dir='ltr'><strong>tibi</strong></span> <span class='ocrx_word' id='word_1_312' title='bbox 1538 4120 1798 4203; x_wconf 86' lang='lat' dir='ltr'><strong>flagella</strong></span> <span class='ocrx_word' id='word_1_313' title='bbox 1850 4121 2382 4192; x_wconf 79' lang='lat' dir='ltr'><strong>conscribillent.»</strong></span> <span class='ocrx_word' id='word_1_314' title='bbox 2439 4127 2609 4209; x_wconf 86' lang='lat' dir='ltr'><strong>Ergo</strong></span> <span class='ocrx_word' id='word_1_315' title='bbox 2659 4125 2975 4195; x_wconf 67' lang='lat' dir='ltr'><strong>lacusculo</strong></span> 
     </span>
     <span class='ocr_line' id='line_1_36' title="bbox 521 4225 2975 4316; baseline 0.004 -24"><span class='ocrx_word' id='word_1_316' title='bbox 521 4227 758 4292; x_wconf 82' lang='lat' dir='ltr'><strong>cinaedi</strong></span> <span class='ocrx_word' id='word_1_317' title='bbox 804 4226 983 4309; x_wconf 89' lang='lat' dir='ltr'><strong>apud</strong></span> <span class='ocrx_word' id='word_1_318' title='bbox 1033 4226 1369 4291; x_wconf 89' lang='lat' dir='ltr'><strong>Catullum</strong></span> <span class='ocrx_word' id='word_1_319' title='bbox 1434 4230 1793 4311; x_wconf 88' lang='lat' dir='ltr'><strong>respondet</strong></span> <span class='ocrx_word' id='word_1_320' title='bbox 1855 4225 2183 4298; x_wconf 82' lang='lat' dir='ltr'><strong>lumbulus</strong></span> <span class='ocrx_word' id='word_1_321' title='bbox 2230 4234 2410 4316; x_wconf 89' lang='lat' dir='ltr'><strong>apud</strong></span> <span class='ocrx_word' id='word_1_322' title='bbox 2459 4234 2837 4301; x_wconf 87' lang='lat' dir='ltr'><strong>Horatium.</strong></span> <span class='ocrx_word' id='word_1_323' title='bbox 2886 4274 2975 4281; x_wconf 84' lang='lat'><strong>-—</strong></span> 
     </span>
     <span class='ocr_line' id='line_1_37' title="bbox 521 4328 2975 4426; baseline 0.003 -26"><span class='ocrx_word' id='word_1_324' title='bbox 521 4353 761 4400; x_wconf 76' lang='lat' dir='ltr'><strong>movere</strong></span> <span class='ocrx_word' id='word_1_325' title='bbox 808 4328 1187 4409; x_wconf 86' lang='lat' dir='ltr'><strong>lumbulum‚</strong></span> <span class='ocrx_word' id='word_1_326' title='bbox 1238 4334 1528 4398; x_wconf 85' lang='lat' dir='ltr'><strong>cinaedus</strong></span> <span class='ocrx_word' id='word_1_327' title='bbox 1577 4336 1659 4397; x_wconf 87' lang='lat' dir='ltr'><strong>ad</strong></span> <span class='ocrx_word' id='word_1_328' title='bbox 1709 4357 1951 4400; x_wconf 90' lang='lat' dir='ltr'><strong>sonum</strong></span> <span class='ocrx_word' id='word_1_329' title='bbox 2000 4339 2400 4403; x_wconf 89' lang='lat' dir='ltr'><strong>crotalorum</strong></span> <span class='ocrx_word' id='word_1_330' title='bbox 2450 4345 2515 4405; x_wconf 86' lang='lat' dir='ltr'><strong>et</strong></span> <span class='ocrx_word' id='word_1_331' title='bbox 2560 4342 2739 4405; x_wconf 84' lang='lat' dir='ltr'><strong>tibiae</strong></span> <span class='ocrx_word' id='word_1_332' title='bbox 2788 4364 2975 4426; x_wconf 86' lang='lat' dir='ltr'><strong>pera-</strong></span> 
     </span>
    </p>
   </div>
   <div class='ocr_carea' id='block_1_3' title="bbox 521 4484 944 4492">
    <p class='ocr_par' dir='ltr' id='par_1_4' title="bbox 521 4484 944 4492">
     <span class='ocr_line' id='line_1_38' title="bbox 521 4484 944 4492; baseline 0 892"><span class='ocrx_word' id='word_1_333' title='bbox 521 4484 944 4492; x_wconf 95' lang='lat' dir='ltr'><strong> </strong></span> 
     </span>
    </p>
   </div>
   <div class='ocr_carea' id='block_1_4' title="bbox 735 4560 1797 4723">
    <p class='ocr_par' dir='ltr' id='par_1_5' title="bbox 735 4560 1797 4723">
     <span class='ocr_line' id='line_1_39' title="bbox 735 4560 1481 4631; baseline 0.005 -20"><span class='ocrx_word' id='word_1_334' title='bbox 735 4561 790 4629; x_wconf 85' lang='lat'><strong>*)</strong></span> <span class='ocrx_word' id='word_1_335' title='bbox 828 4560 954 4613; x_wconf 88' lang='lat' dir='ltr'><strong>Lib.</strong></span> <span class='ocrx_word' id='word_1_336' title='bbox 995 4562 1095 4613; x_wconf 84' lang='lat' dir='ltr'><strong>IX.</strong></span> <span class='ocrx_word' id='word_1_337' title='bbox 1137 4564 1358 4631; x_wconf 86' lang='lat' dir='ltr'><strong>stroph.</strong></span> <span class='ocrx_word' id='word_1_338' title='bbox 1398 4565 1481 4616; x_wconf 76' lang='lat'><strong>55.</strong></span> 
     </span>
     <span class='ocr_line' id='line_1_40' title="bbox 1692 4670 1797 4723; baseline 0 0"><span class='ocrx_word' id='word_1_339' title='bbox 1692 4670 1797 4723; x_wconf 76' lang='lat'><strong>328</strong></span> 
     </span>
    </p>
   </div>
   <div class='ocr_carea' id='block_1_5' title="bbox 3510 0 3520 855">
    <p class='ocr_par' dir='ltr' id='par_1_6' title="bbox 3510 0 3520 855">
     <span class='ocr_line' id='line_1_41' title="bbox 3510 0 3520 855; baseline 0 0"><span class='ocrx_word' id='word_1_340' title='bbox 3510 0 3520 855; x_wconf 95' lang='lat' dir='ltr'><strong> </strong></span> 
     </span>
    </p>
   </div>
  </div>
 </body>
</html>
