3525 5384
543 405 629 469 28
1473 426 1673 468 Gurza
1720 408 2053 471 ΝΕΜΕΤΗΥ.

542 602 854 687 cupidine
902 602 1132 681 lucri):
1192 602 1360 666 «Nec
1407 604 1626 683 gluttu
1681 602 1945 666 sorbere
2010 597 2292 668 salivam
2344 597 2857 667 Mercurialem.»
2912 638 3002 644 -——

547 704 843 787 Obesam,
891 730 1007 793 per
1055 709 1473 774 irrisionem:
1539 711 1856 792 pinguem
1924 713 1989 773 et
2036 728 2343 772 crassam.
2392 745 2481 751 —
2524 700 3002 773 Exaestuantis

542 811 724 882 dente
769 811 964 881 solvis
1005 814 1300 903 pantices
1367 810 1649 902 Udisque
1707 810 1946 881 lambis
2010 811 2235 891 saviis,
2304 815 2344 877 i.
2396 835 2452 879 e.
2501 819 2577 878 tu
2624 835 2707 877 ne
2757 814 2827 879 in
2874 812 2998 879 Ve-

545 944 699 988 nere
767 924 1034 1005 quidem
1101 923 1431 1005 coniugali
1495 923 1590 987 ita
1636 926 1698 985 te
1766 921 1955 1004 geris,
2003 925 2080 985 ut
2127 923 2343 987 virum
2395 922 2603 999 decet,
2652 920 2767 985 sed
2820 920 3000 997 facis,

543 1030 722 1114 quod
771 1032 1019 1095 femina
1065 1033 1274 1096 tribas
1323 1031 1586 1095 feminee
1636 1032 1849 1095 facere
1899 1029 2105 1105 solet3
2154 1034 2230 1093 tu
2278 1029 2377 1093 vir
2442 1049 2531 1106 es,
2581 1032 2808 1093 tamen
2854 1029 2997 1091 λεσ·

543 1141 791 1222 βιάζεις.
841 1176 930 1181 -
976 1132 1476 1215 Exaestuantis,
1527 1158 1614 1201 sc.
1665 1137 1906 1214 uxoris,
1957 1158 2104 1220 quae
2169 1137 2407 1201 sudare
2454 1135 2689 1217 incipit
2735 1136 2807 1199 in
2852 1134 3000 1198 libi-

543 1243 720 1308 dinis
785 1248 958 1309 actu.
1023 1243 1326 1309 Eandem
1391 1264 1532 1308 rem
1579 1242 1797 1325 tangit
1842 1242 2163 1307 Horatius
2232 1241 2445 1326 Epod.
2499 1242 2601 1320 12,
2654 1244 2848 1307 7—9.
2898 1240 3001 1319 (de

545 1351 786 1416 anibus
831 1350 1265 1428 libidinosis):
1327 1351 1494 1430 «Qui
1555 1345 1754 1417 sudor
1818 1350 2007 1414 vietis
2070 1338 2153 1415 et'
2184 1370 2383 1433 quam
2442 1350 2657 1414 malus
2705 1348 3002 1431 undique

544 1458 859 1523 membris
908 1455 1153 1521 Crescit
1217 1457 1399 1535 odor,
1461 1478 1619 1548 *cum
1684 1477 1855 1539 pene
1926 1456 2147 1521 soluto
2217 1454 2622 1522 Indomitam
2689 1458 3005 1539 properat

543 1565 794 1630 rabiem
861 1566 1146 1631 sedare.»
1221 1563 1530 1629 Ceterum
1597 1564 1857 1629 codices
1914 1564 2201 1628 habent:
2268 1559 2365 1630 Et
2435 1570 2820 1639 aestuante&
2883 1584 3002 1645 pro

543 1672 784 1755 quibus
832 1672 1054 1755 inepte
1101 1672 1336 1756 positis
1382 1672 1647 1755 scripsi:
1694 1668 2213 1736 ExaestuantiS.
2246 1708 2335 1717 —
2365 1668 2605 1745 dente,
2638 1669 3003 1735 rectissime

549 1780 830 1843 coniecit
875 1777 1181 1842 Eldikius
1228 1799 1348 1861 pro
1396 1772 1592 1858 docte,
1641 1798 1787 1860 quae
1836 1781 1935 1841 est
1982 1777 2227 1841 codicis
2288 1775 2737 1841 Bruxellensis
2784 1777 3002 1842 lectio.

546 1886 779 1967 Agitur
825 1886 1004 1951 enim
1053 1886 1134 1949 de
1185 1885 1595 1967 cunnilingo,
1646 1885 1761 1969 qui
1808 1886 1991 1968 prius
2040 1884 2351 1948 dentibus
2397 1885 2625 1950 titillat
2654 1884 3004 1967 κλειτορίδα

544 1992 827 2070 feminae,
876 1993 956 2055 iis
1002 1994 1164 2076 ipsis
1213 1993 1542 2071 dentibus,
1593 1993 1833 2077 quibus
1880 1993 2083 2075 paulo
2133 1996 2286 2057 ante
2318 1998 2738 2057 mortuorum
2770 2012 3004 2056 cenam

549 2098 856 2177 comedit,
924 2099 1164 2162 deinde
1229 2119 1529 2163 cunnum
1595 2098 1849 2163 lambit.
1917 2098 2117 2163 Hunc
2164 2099 2389 2164 locum
2438 2103 2505 2163 et
2550 2120 2643 2164 vs,
2694 2099 2800 2163 36.
2850 2102 3006 2163 ante

551 2206 778 2271 oculos
826 2206 1062 2269 habuit
1106 2206 1320 2289 Priap.
1372 2206 1476 2280 78,
1537 2207 1740 2269 1—6:
1801 2206 1923 2268 «At
1969 2204 2037 2267 di
2084 2204 2351 2287 deaeque
2400 2199 2696 2270 dentibus
2741 2200 2871 2270 tuis
2916 2223 3003 2268 es-

549 2332 694 2379 cam
759 2308 1024 2399 Neqent‚
1090 2314 1320 2377 amicae
1385 2308 1764 2398 cunnilinye
1832 2311 2083 2387 vicinae,
2134 2312 2255 2374 Per
2302 2331 2499 2395 quem
2547 2313 2774 2394 puella
2820 2311 3008 2375 fortis

552 2424 707 2483 ante
757 2439 882 2483 nec
929 2419 1216 2483 mendax
1260 2418 1348 2483 Et
1395 2440 1539 2501 quae
1588 2420 1845 2484 solebat
1910 2420 2189 2501 impigro
2257 2418 2428 2482 celer
2486 2438 2688 2502 passu
2737 2418 2836 2481 Ad
2886 2440 3008 2482 nos

551 2525 794 2601 venire,
846 2545 1026 2589 nunc
1074 2524 1334 2589 misella
1379 2522 1680 2589 landioae
1727 2526 1793 2602 (i.
1844 2546 1899 2589 e.
1946 2525 2324 2609 κλειτορίδος
2350 2526 2390 2604 l)
2436 2523 2561 2588 Vix
2606 2546 2799 2609 posse
2834 2526 3011 2588 iurat

551 2632 891 2696 ambulare
939 2653 1072 2715 prae
1101 2625 1348 2717 fossis»
1405 2632 1446 2696 i.
1499 2653 1552 2697 e.
1603 2631 1991 2696 vulneribus
2039 2632 2236 2695 dente
2286 2632 2656 2715 cunnilingi
2690 2632 2898 2696 factis.
2920 2669 3009 2675 —

549 2736 745 2805 solvis
803 2736 1114 2826 pantices,
1181 2744 1527 2823 tamquam
1595 2740 1921 2817 dissolvis,
1988 2739 2331 2822 liquefacis
2400 2742 2665 2803 uterum
2714 2738 3007 2825 ὀργασμῷ

553 2846 854 2909 excitato,
923 2840 1106 2911 Solvi
1168 2845 1348 2908 enim
1408 2845 1652 2909 dicitur
1716 2846 1895 2929 apud
1943 2846 2117 2911 viros
2166 2846 2247 2909 de
2283 2846 2665 2932 'emissione
2714 2847 3008 2922 seminis,

553 2951 731 3035 apud
781 2952 1062 3015 feminas
1110 2951 1192 3015 de
1241 2950 1553 3039 ὀργασμῷ.
1602 2954 1805 3017 Hunc
1851 2953 2074 3017 locum
2121 2957 2275 3018 ante
2326 2955 2555 3018 oculos
2603 2954 2841 3019 habuit
2889 2954 3007 3019 Ov.

551 3062 627 3123 A.
676 3060 747 3123 A.
799 3059 915 3123 ΙΙΙ.
969 3059 1362 3123 793-——7942
1405 3059 1701 3123 «Sentiat
1733 3080 1812 3126 ex
1842 3056 1994 3126 imis
2025 3062 2351 3126 Venerem
2384 3058 2667 3127 resoluta
2698 3059 3009 3124 medullis

550 3166 832 3230 Femina
880 3173 946 3229 et
985 3187 1060 3228 ex
1107 3187 1299 3250 aequo
1347 3187 1450 3229 res
1498 3167 1679 3231 iuvet
1727 3168 1855 3232 ista
1905 3168 2109 3231 duos»
2168 3176 2233 3231 et
2280 3167 2441 3232 ibid.
2491 3168 2577 3232 II.
2614 3166 3007 3233 681-682:

561 3272 724 3338 «Odi
791 3273 1205 3348 concubitus,
1274 3274 1390 3357 qui
1454 3295 1586 3338 non
1651 3278 2011 3357 utrumque
2075 3270 2440 3340 resolvunt:
2512 3274 2657 3338 Hoc
2726 3278 2842 3350 est,
2893 3294 3010 3337 cur

552 3380 741 3463 pueri
787 3383 1021 3462 tangar
1067 3400 1290 3444 amore
1361 3382 1642 3445 minus.»
1699 3381 1955 3445 Eodem
1988 3452 1990 3457 ἲ
2027 3380 2227 3445 modo
2278 3380 2458 3463 apud
2506 3382 2864 3446 Horatium
2912 3381 3007 3463 ip-

552 3506 703 3549 sum
749 3485 962 3569 Epod,
1017 3488 1119 3564 12,
1169 3488 1363 3551 7—9.
1411 3488 1515 3566 (de
1564 3508 1700 3551 anu
1746 3487 2173 3563 libidinosa):
2235 3506 2427 3575 «pene
2472 3482 2677 3552 soluto
2709 3486 3009 3550 Indomi-

552 3598 691 3655 tam
737 3593 988 3657 rabiem
1034 3598 1346 3676 properat
1392 3595 1678 3658 sedare.»
1737 3630 1825 3639 —-
1870 3590 2177 3681 pantices,
2242 3597 2490 3670 venter,
2547 3594 2818 3668 viscera,
2883 3593 3009 3658 hoc

551 3700 736 3764 loco:
784 3703 1013 3763 uterus
1081 3702 1362 3765 feminae.
1414 3700 1510 3766 Cf.
1560 3700 1777 3765 Plaut.
1825 3701 2062 3765 Pseud.
2131 3701 2179 3764 Ι.
2232 3700 2291 3779 2,
2361 3702 2478 3766 50:
2554 3702 2744 3765 «vino
2810 3700 3011 3765 modo

553 3804 836 3871 madidae
886 3807 1075 3870 estis:
1125 3808 1223 3871 Eo
1272 3829 1388 3873 vos
1434 3817 1817 3891 vestrosque
1856 3804 2154 3895 pantices
2187 3807 2352 3872 adeo
2386 3808 2818 3886 madefacitis‚
2854 3828 3008 3872 cum

555 3914 679 3978 sim
728 3932 845 3994 ego
894 3913 1002 3977 hic
1051 3915 1298 3979 siccus»
1355 3920 1420 3980 et
1487 3916 1702 4000 Priap.
1774 3915 1879 3993 66,
1954 3918 2160 3979 1—-42
2217 3916 2375 3993 «Tu,
2438 3936 2605 3998 quse,
2656 3935 2740 3979 ne
2788 3916 3011 3980 videas

556 4023 786 4084 notam
833 4020 1108 4097 virilem,
1157 4020 1334 4087 Hinc
1383 4024 1712 4100 averteris,
1761 4030 1839 4087 ut
1885 4024 2072 4087 decet
2115 4022 2449 4107 pudicam,
2500 4022 2606 4087 Nil
2654 4024 2899 4089 mirum
2924 4061 3011 4066 —

556 4126 703 4205 nisi,
753 4129 931 4209 quod
978 4128 1171 4192 times
1218 4129 1457 4207 videre,
1506 4129 1689 4193 Intra
1735 4127 1977 4195 viscera
2012 4128 2253 4193 habere
2288 4128 2757 4211 concupiscis.»
2815 4130 3012 4193 Hunc

555 4234 818 4299 Horatii
868 4235 1092 4298 locum
1138 4241 1292 4300 ante
1344 4237 1572 4301 oculos
1621 4236 1933 4301 habuisse
1981 4235 2244 4300 videtur
2289 4236 2501 4319 Priap.
2552 4236 2657 4313 82,
2710 4237 3011 4301 26—28:

567 4340 848 4404 «Bidens
914 4342 1128 4405 amica
1193 4343 1462 4407 Romuli
1509 4342 1684 4406 senis
1747 4362 2003 4407 memor
2050 4343 2345 4417 Paratur,
2410 4340 2584 4406 inter
2630 4346 2775 4406 atra
2823 4341 3013 4406 cuius

555 4447 832 4529 inguina
896 4448 1084 4512 Patet
1148 4450 1403 4513 iacente
1470 4446 1732 4538 pantice
1802 4449 2067 4513 abditus
2122 4468 2414 4532 specus.»
2463 4443 2721 4515 Pantex
2766 4469 2890 4513 vox
2937 4470 3014 4511 ex

557 4555 788 4637 lingua
819 4556 1074 4638 vulgari
1104 4560 1350 4642 petita3
1386 4557 1708 4622 remansit
1737 4558 1809 4622 in
1841 4557 2071 4639 lingua
2103 4556 2586 4622 Valachorum:
2615 4561 2907 4643 panteee.
2927 4590 3017 4599 --

1734 4680 1838 4733 332
