3525 5384
573 450 615 511 4
1519 468 1720 509 Gurza
1768 451 2097 510 uniamur.

787 642 934 721 Sed,
983 642 1159 725 quod
1208 642 1473 707 maximi
1520 646 1619 728 est
1665 642 2010 718 momenti,
2058 640 2373 705 Horatius
2406 642 2546 725 ipse
2597 642 2724 707 hoc
2758 662 3026 707 carmen

575 749 697 813 sibi
759 736 1052 814 vindicat
1113 750 1375 823 iniecta,
1434 746 1519 813 ‘ut
1583 750 1675 813 ita
1740 750 1977 826 dicam,
2028 770 2232 813 manu
2299 749 2508 833 Epod.
2572 751 2663 829 17,
2716 751 3026 824 56—59.,

567 856 688 919 -ubi
737 856 1014 921 Canidia
1060 857 1353 920 venefica
1401 856 1495 919 ita
1539 858 1844 925 minatur,
1880 860 2131 939 poetae':

1003 1036 1235 1088 Inultus
1275 1041 1340 1087 ut
1376 1038 1442 1087 tu
1481 1024 1702 1087 riseris*
1725 1028 1967 1103 Cotyttia

1002 1125 1269 1192 Volgata,
1305 1140 1525 1177 sacrum
1563 1121 1720 1176 libem:
1758 1120 2071 1192 Cupidinis,

1003 1216 1073 1265 Et
1111 1213 1402 1280 Esquilini
1440 1212 1701 1280 pontifex
1741 1212 1980 1265 venefici

1002 1302 1250 1369 Impune
1291 1304 1356 1353 ut
1396 1300 1598 1353 urbem
1635 1302 1872 1353 nomine
1910 1300 2173 1367 impleris
2213 1303 2385 1353 meo?

786 1500 986 1564 Poeta
1033 1498 1158 1561 hoc
1221 1498 1365 1561 loco
1413 1518 1540 1561 vss.
1609 1498 1915 1573 58—59.‚
1957 1486 2057 1559 >ut
2120 1495 2294 1560 inter
2362 1515 2595 1560 omnes
2641 1496 3031 1579 interpretes

574 1608 850 1681 constat,
887 1602 1126 1668 alludit
1171 1603 1255 1666 ad
1305 1601 1442 1667 Sat.
1475 1604 1528 1666 Ι.
1564 1602 1646 1676 8.,
1682 1603 1799 1666 ubi
1846 1603 2063 1683 'agitur
2110 1602 2190 1667 de
2238 1601 2518 1667 Canidia
2564 1602 2633 1665 in
2681 1602 3031 1684 Esquilino

553 1712 825 1793 ‘magica
855 1731 1039 1774 sacra
1071 1712 1350 1775 faciente
1375 1734 1392 1787 ;
1442 1730 1567 1773 vss.
1603 1713 1829 1773 autem
1878 1711 2159 1773 56—57.
2212 1730 2361 1774 mea
2394 1709 2663 1793 quidem
2698 1709 3033 1773 sententia

568 1818 895 1882 referendi
943 1822 1102 1880 sunt
1147 1817 1232 1881 ad
1282 1838 1407 1881 vss.
1465 1816 1743 1880 19—202.
1795 1818 1995 1880 huius
2043 1816 2275 1900 epodi:

1002 1996 1129 2047 Non
1170 2011 1260 2046 me
1301 1994 1533 2045 vocabis
1574 2010 1785 2060 spurca
1821 2010 1926 2061 per
1968 1990 2208 2061 Cotyttia

1073 2083 1160 2134 Ad
1187 2080 1431 2150 feriatos
1455 2079 1734 2150 fascinos,

1001 2173 1118 2224 Nec
1155 2174 1210 2222 te
1250 2186 1482 2222 movere
1521 2170 1851 2223 lumbulum
1891 2171 1951 2222 in
1991 2171 2283 2222 crocotula

1071 2260 1306 2311 Prensis
1345 2258 1552 2311 videbo
1593 2260 1893 2312 altaribus,

790 2456 1070 2522 Canidia
1117 2458 1317 2539 igitur
1371 2458 1536 2520 duas
1583 2479 1686 2521 res
1735 2458 1940 2522 obicit
1970 2458 2287 2522 Horatio:
2319 2458 2639 2541 primum,
2676 2458 2858 2541 quod
2894 2458 3032 2523 Sat.

575 2564 626 2627 I.
663 2566 722 2628 8.
757 2564 1150 2628 veneficium
1184 2584 1381 2627 suum
1413 2563 1839 2646 Esquilinum
1872 2564 2183 2627 omnibus
2210 2568 2447 2627 notum
2482 2565 2728 2641 fecerit,
2764 2564 3025 2642 deinde,

579 2671 756 2753 quod
803 2672 928 2735 hoc
976 2669 1190 2753 epodo
1237 2672 1549 2753 mysteria
1597 2669 1900 2753 Cotyttus
1951 2670 2247 2735 deriserit
2292 2676 2491 2755 atque
2538 2672 2921 2753 vulgaverit.

790 2778 1112 2842 Praeterea
1159 2778 1360 2841 etiam
1423 2776 1556 2841 Sat.
1604 2778 1656 2839 I.
1707 2779 1769 2841 8.
1819 2777 2137 2841 Horatius
2186 2778 2271 2841 ad
2318 2780 2443 2843 hoc
2491 2780 2711 2862 ipsum
2761 2798 3028 2844 carmen

579 2883 836 2949 alludit.
884 2882 1196 2965 Legimus
1246 2884 1424 2947 enim
1471 2904 1598 2946 vss.
1649 2884 1934 2947 37—-39.
1983 2885 2197 2948 satirae
2243 2885 2529 2950 laudatae
2564 2887 2784 2964 (verba
2815 2884 3035 2969 Priapi

579 2992 649 3055 in
696 2990 1076 3055 Maecenatis
1126 2990 1316 3054 horto
1367 2990 1664 3069 stantis):

1007 3167 1258 3220 Mentior
1298 3171 1355 3219 at
1395 3170 1444 3220 si
1485 3168 1644 3234 quid,
1683 3170 1902 3222 merdis
1942 3172 2115 3237 caput
2148 3171 2423 3236 inquiner
2461 3169 2609 3222 albis

1008 3256 1323 3309 Corvorum
1365 3259 1536 3323 atque
1574 3259 1636 3309 in
1675 3275 1770 3310 me
1808 3260 2005 3312 veniat
2040 3260 2284 3312 mictum
2327 3261 2496 3325 atque
2537 3260 2803 3309 cacatum

1011 3344 1258 3412 †Iuliu3†
1299 3349 1355 3399 et
1391 3346 1618 3415 fragilis
1659 3344 1920 3401 Pediatia
1956 3348 2161 3415 furque
2201 3348 2487 3412 Vorenus,

581 3526 697 3590 ubi
773 3525 1156 3608 Porphyri0‚
1237 3526 1594 3591 scholiasta
1669 3526 1951 3605 Horatii,
2017 3526 2122 3605 (ad
2188 3547 2282 3590 vs.
2334 3527 2465 3605 39.)
2512 3528 2651 3591 haec
2716 3527 3032 3593 adnotat:

590 3628 970 3699 «Pediatius
1017 3652 1215 3714 eques
1263 3635 1610 3697 Romanus
1659 3634 1938 3699 honesto
1969 3634 2368 3716 patrimonio
2404 3640 2799 3717 consumpto
2834 3636 3032 3698 etiam

582 3741 948 3805 castitatem
985 3737 1219 3813 †moris
1250 3737 1595 3813 amiseram
1636 3746 1701 3805 et
1747 3741 2165 3823 indulgentia
2210 3746 2566 3824 parentum
2614 3742 2833 3805 mollis
2883 3764 3033 3805 eva-

581 3850 773 3925 serat,
840 3852 916 3911 ut
979 3867 1247 3911 omnem
1311 3847 1657 3912 libidinem
1724 3870 1877 3913 cum
1943 3850 2282 3932 voluptate
2354 3851 2711 3930 pateretur.
2762 3848 3038 3932 Propter

584 3954 762 4038 quod
809 3974 964 4017 eum
1010 3954 1327 4017 Horatius
1371 3948 1692 4033 feminino
1735 3954 1997 4022 nomine
2042 3951 2441 4030 Pediatium,
2478 3975 2615 4018 non
2663 3954 3033 4020 Pediatium

583 4060 972 4143 appellavit3
1025 4062 1107 4124 ob
1158 4060 1438 4124 eandem
1487 4083 1756 4127 causam
1792 4067 1857 4126 et
1882 4058 2203 4150 frayilem
2236 4060 2418 4139 dixit,
2469 4061 2534 4125 id
2569 4064 2669 4125 est
2697 4062 3026 4127 mollem.»

585 4164 827 4256 Ayitur
871 4171 1095 4232 autem
1160 4166 1233 4233 in
1281 4164 1392 4235 hoc
1438 4165 1641 4255 epodo
1688 4167 1764 4237 de
1811 4166 2024 4237 eodem
2072 4164 2375 4237 Pediatia
2440 4169 2659 4251 equite
2707 4171 3035 4245 Romano,

586 4294 782 4357 quem
831 4273 1047 4338 Caesar
1093 4272 1492 4338 Octavianus
1539 4276 1609 4338 in
1656 4276 1963 4339 sollemni
2010 4276 2309 4359 equitum
2354 4274 2747 4357 probatione
2796 4272 3033 4363 impro-

586 4378 755 4459 bare,
804 4381 845 4443 i.
897 4400 952 4444 e.
1003 4381 1232 4446 ordine
1282 4383 1566 4463 equestri
1597 4404 1859 4447 movere
1894 4384 2131 4448 debeat
2161 4386 2429 4466 propter
2461 4401 2680 4445 mores
2714 4379 3035 4464 impurOS‚

587 4489 666 4552 cf.
715 4508 841 4552 vss.
891 4487 1086 4570 epodi
1135 4489 1391 4555 9-102

1759 4718 1863 4772 308
