3525 5384
531 375 616 441 26
1463 396 1662 439 emzA
1709 380 2041 442 ΝΕΜΕΤΗΥ.

536 570 656 635 30:
716 571 1026 652 «Propter
1071 590 1258 653 aquae
1304 570 1521 635 rivum
1598 571 1720 636 sub
1767 571 1969 635 ramis
2034 572 2285 636 arboris
2355 572 2561 637 altae.»
2617 610 2704 615 —
2752 568 2987 641 olentes

537 660 844 755 nauticos,
896 680 1134 742 nautas
1182 678 1355 741 male
1405 679 1682 754 olentes,
1731 683 1810 744 ut
1853 678 2019 745 Hor.
2083 680 2293 763 Epod.
2350 672 2712 755 10‚'1-.—2:
2772 680 2988 745 «Mala

535 785 755 850 soluta
800 785 987 849 navis
1036 785 1167 849 exit
1211 785 1366 849 alite
1410 784 1660 851 Ferens
1708 780 1977 851 olentem
2023 785 2373 857 Maevium»
2431 787 2497 850 et
2543 784 2758 851 Carm.
2792 786 2844 850 Ι.
2886 788 2985 861 17,

538 893 598 957 7.
646 892 750 969 (de
799 893 1047 971 hirco):
1104 888 1395 961 «Olentis
1441 914 1674 958 uxores
1721 894 2001 959 mariti.»
2056 931 2144 940 --
2190 891 2505 981 nauticos,
2536 898 2830 972 nautas3
2882 916 2986 959 co-

537 1002 715 1065 dices
762 1001 1012 1065 habent
1073 998 1432 1081 nauticum,
1501 1023 1619 1084 ego
1675 1003 2058 1068 emendavi:
2133 999 2485 1079 nauticOS,
2535 1004 2691 1086 quia
2735 1002 2991 1068 nautici
3102 996 3109 1005 ”

537 1129 707 1192 saepe
757 1109 1181 1192 appellantur
1228 1112 1487 1185 nautae3
1538 1108 1619 1173 cf.
1665 1109 1808 1173 Liv.
1857 1108 2158 1177 XXVIII.
2212 1110 2286 1173 7:
2347 1108 2727 1191 «Philippus
2759 1130 2986 1191 super-

536 1216 718 1280 venit
779 1204 1275 1298 tumultumque
1341 1215 1540 1280 etiam
1591 1236 1666 1279 ex
1713 1218 1889 1279 terra
1952 1215 2235 1280 nauticis
2280 1214 2643 1297 praebuit»›;
2693 1213 2862 1278 Plin.
2911 1215 2989 1278 N.

537 1322 624 1386 H.
673 1322 842 1387 XVI.
896 1326 998 1400 70,
1055 1325 1125 1387 1:
1185 1323 1572 1387 «Velificant
1601 1323 1672 1386 in
1703 1321 1883 1387 Pado
1917 1322 2227 1387 nautici.»
2268 1360 2355 1366 -—
2387 1319 2683 1389 nauticos
2729 1316 2991 1397 Vocare,

538 1449 737 1493 sensu
785 1429 1028 1493 erotico
1075 1448 1300 1495 vocare
1346 1422 1710 1510 significat:
1774 1429 2064 1512 aliquem
2116 1433 2233 1493 aut
2280 1428 2577 1509 aliquam
2623 1446 2855 1491 vocare
2904 1427 2989 1490 ad

539 1555 680 1599 rem
743 1535 1108 1599 Veneream
1178 1535 1643 1617 peragendam.
1722 1534 1869 1599 Hoc
1939 1536 2087 1600 loco
2156 1535 2448 1599 cinaedus
2493 1539 2686 1599 vocat
2731 1539 2991 1609 nautas,

537 1644 622 1706 ut·
659 1639 1047 1708 libidinibus
1073 1664 1324 1707 eorum
1369 1643 1699 1725 inserviat.
1747 1645 1979 1709 Nautae
2046 1648 2235 1709 erant
2301 1641 2815 1725 frequentissimi
2876 1644 2991 1706 ho-

541 1748 742 1831 spites
787 1748 1234 1831 lupanarium,
1267 1749 1447 1814 unde
1479 1749 1642 1814 Hor.
1670 1751 1879 1834 Epod·.
1923 1752 2023 1829 17,
2056 1752 2161 1815 20.
2196 1749 2300 1831 (de
2335 1748 2671 1826 Canidia):
2721 1752 2995 1815 «Amata

541 1855 762 1925 nautis
809 1856 1098 1919 multum
1147 1862 1213 1920 et
1258 1856 1727 1922 institoribus»
1786 1896 1873 1901 —
1919 1878 2113 1925 caeno
2174 1864 2470 1935 retentae,
2518 1860 2595 1919 ut
2639 1856 2803 1919 Hor.
2853 1855 2989 1920 Sat.

540 1963 625 2028 ΙΙ.
677 1966 736 2034 7.-
817 1965 1116 2028 26—27:
1199 1966 1441 2029 «haeres
1475 2015 1490 2030 .
1529 2016 1544 2042 .,
1581 2014 1595 2028 .
1631 1967 2048 2047 Nequiquam
2117 1984 2301 2029 caeno
2372 1964 2646 2046 cupiens
2718 1962 2993 2026 evellere

539 2070 898 2152 plantam.»
954 2108 1042 2116 ——-
1088 2090 1282 2159 caen-o
1319 2120 1334 2134 .
1369 2119 1385 2134 .
1422 2121 1436 2135 .
1471 2066 1748 2147 turbido,
1798 2072 2058 2136 codices
2090 2070 2341 2135 habent
2384 2066 2665 2147 sordido,
2702 2070 2878 2153 quod
2912 2071 2996 2134 ab

542 2176 820 2241 Horatio
867 2176 1185 2259 scriptum
1235 2179 1436 2243 fuisse
1485 2200 1622 2243 non
1655 2182 1756 2243 est
1800 2178 2173 2255 verisimile,
2225 2200 2377 2243 cum
2426 2178 2650 2242 statim
2697 2181 2812 2256 (vs,
2863 2178 2995 2255 28.)

544 2286 858 2365 sequatur
904 2277 1221 2349 sordidas.
1270 2285 1674 2349 Emendavi:
1738 2282 2051 2349 turbido.
2115 2284 2543 2348 Hunc'enim
2589 2284 2854 2348 Horatii
2898 2283 2993 2347 lo-

545 2410 698 2453 cum
745 2386 900 2453 ante
950 2390 1175 2455 oculos
1223 2391 1533 2456 habuisse
1589 2393 1847 2457 videtur
1893 2394 2081 2475 Verg.
2130 2394 2295 2456 Aen.
2343 2390 2451 2457 VI.
2505 2392 2653 2454 296.
2700 2390 2804 2469 (de
2852 2390 2997 2472 ripa

543 2496 955 2571 Acherontis,
1017 2520 1145 2581 quo
1194 2499 1552 2581 adpellitur
1583 2499 2215 2587 navisCharontisk
2259 2493 2630 2564 «Turbidus
2662 2498 2769 2562 hic
2800 2516 2997 2564 caeno

543 2607 859 2685 vastaque
891 2606 1204 2689 voragine
1235 2628 1528 2689 gurges.»
1571 2607 1664 2671 Cf.
1702 2609 1903 2671 etiam
1930 2607 2119 2687 Verg.
2148 2606 2266 2671 Ge.
2299 2608 2383 2669 II.
2426 2607 2584 2670 137:
2630 2623 2829 2670 «auro
2862 2612 2993 2670 tur-

544 2704 734 2775 bidus
767 2710 1114 2776 Hermus.»
1153 2750 1239 2759 —
1279 2710 1633 2801 Maeraque
1656 2764 1671 2778 .
1703 2764 1718 2778 .
1747 2764 1762 2778 .
1792 2714 1987 2803 aqua,
2022 2714 2285 2794 exigua3
2322 2714 2686 2776 insolenter
2718 2711 2992 2775 dictum.

758 2817 836 2881 V.
887 2819 1169 2883 927—-28.
1219 2818 1292 2886 in
1340 2816 1632 2887 culinam
1680 2815 1771 2887 ad
1819 2830 2012 2887 uncta
2058 2816 2501 2895 novendialia,
2549 2820 2621 2882 in
2656 2817 2998 2883 codicibus

543 2923 820 3004 legitur:
896 2927 1001 2988 «in
1067 2927 1356 2991 culinam
1425 2937 1481 2994 et
1541 2933 1746 2993 uncta
1800 2926 2248 3016 compitalia»,
2318 2927 2431 2991 sed
2496 2923 2873 3009 praepositio
2920 2919 2997 2989 in

546 3030 780 3113 nequit
825 3033 907 3095 ad
940 3030 1318 3121 compitalia
1351 3039 1417 3098 et
1449 3035 1531 3097 ad
1564 3030 1767 3123 dapes
1800 3042 1913 3113 (vs.
1951 3036 2082 3113 28.)
2120 3033 2465 3099 commode
2499 3030 2726 3096 referri
2757 3050 2996 3111 neque,

547 3137 706 3218 quid
753 3137 1134 3226 compitalia
1180 3142 1305 3205 hoc
1352 3143 1498 3206 loco
1550 3142 1673 3205 sibi
1720 3144 1947 3218 velint,
1998 3142 2310 3224 explicari
2353 3143 2592 3224 potest.
2630 3138 2845 3217 Quare
2879 3156 2997 3219 pro

546 3252 601 3308 et
649 3244 880 3327 scripsi
924 3243 1018 3309 ad
1063 3251 1129 3311 et
1183 3246 1562 3336 compitalia
1607 3249 1863 3314 mutavi
1908 3249 1979 3312 in
2026 3243 2507 3313 novendialia.
2554 3284 2640 3290 —
2688 3240 2998 3334 culinam,

491 3376 496 3383 ·
549 3350 630 3414 cf.
672 3352 880 3416 ‘PauL
926 3352 1103 3418 Fest.
1171 3376 1221 3418 s.
1287 3376 1347 3419 v.
1413 3359 1498 3439 (p.
1563 3356 1672 3421 46.
1722 3356 1821 3419 ed.
1887 3351 2305 3433 Thewrewk):
2380 3353 2659 3417 «Gulina
2714 3353 3004 3415 rvocatur

547 3457 754 3533 locus,
821 3457 889 3521 in
939 3480 1070 3541 quo
1120 3461 1333 3543 epulae
1396 3461 1463 3524 in
1513 3464 1745 3526 funere
1811 3462 2330 3527 comburuntur»
2388 3464 2454 3523 et
2495 3459 2731 3522 latiore
2779 3475 2999 3534 sensu,

549 3564 626 3625 ut
671 3563 813 3627 hoc·
860 3565 1026 3641 locO,
1077 3563 1300 3633 eulina
1368 3568 1693 3650 significat
1757 3568 2145 3632 communia
2192 3567 2563 3650 sepulcreta
2608 3581 3001 3649 pauperum,

551 3673 628 3733 ut
688 3669 983 3736 Gromat.
1041 3677 1194 3737 vett.
1263 3664 1396 3750 921,
1443 3673 1557 3750 183
1626 3677 1733 3749 55,
1806 3676 1883 3749 9;
1956 3674 2061 3748 86,
2114 3676 2172 3738 9.
2224 3673 2577 3749 docemur3
2626 3673 2707 3736 cf.
2757 3672 3002 3753 Aggen.

553 3782 910 3843 comment.
959 3780 1029 3843 in
1071 3782 1376 3847 ¹Frontin.
1413 3802 1490 3864 p.
1542 3783 1647 3847 60.
1699 3782 1911 3848 Gaea:
1986 3780 2194 3845 «Sunt
2258 3782 2329 3844 in
2396 3778 2795 3843 suburbanis
2858 3778 3007 3841 loca

551 3885 821 3967 publica
851 3882 1131 3969 inopum
1165 3889 1494 3953 destinata
1524 3890 1892 3964 funeribus,
1944 3910 2087 3971 quse
2122 3889 2269 3952 loca
2303 3883 2563 3953 culinas
2596 3884 2995 3968 appellant.»

553 3992 874 4056 Horatius
921 3994 1123 4058 etiam
1171 3994 1305 4060 Sat.
1355 3996 1406 4062 I.
1458 3999 1515 4073 8,
1570 4000 1675 4061 39.
1724 3996 1984 4060 inducit
2014 3995 2387 4059 Pediatium
2436 3996 2735 4057 montem
2766 3991 3005 4073 Esqui-

553 4097 771 4163 linum
820 4100 1370 4182 frequentantem,
1421 4104 1538 4168 ubi
1598 4103 1784 4187 prius
1850 4108 1963 4181 (vs.
2022 4104 2121 4166 10.
2171 4082 2470 4165 eiusdem
2518 4099 2791 4177 satirae):
2850 4098 3003 4160 «mi-

555 4228 714 4271 serae
778 4209 956 4291 plebi
1023 4210 1239 4275 stabat
1304 4232 1658 4275 commune
1725 4212 2171 4294 sepulcrum.»
2224 4246 2313 4253 ——
2359 4202 2451 4273 ad
2512 4214 2710 4272 uncta
2774 4224 3007 4272 noven-

555 4311 794 4391 dialia,
845 4336 1029 4381 sacra
1075 4318 1501 4382 novendialia
1563 4318 1881 4382 dicuntur
1928 4338 2024 4395 ea,
2096 4334 2239 4398 quae
2287 4334 2467 4378 nono
2515 4318 2668 4395 post
2714 4312 3005 4395 sepultu-

556 4443 700 4487 ram
750 4424 853 4487 die
901 4424 1182 4489 mortuis
1246 4424 1708 4489 offerebantur.
1778 4426 1999 4508 Dapes
2065 4422 2629 4488 comburebantur
2673 4419 2744 4483 in
2792 4418 3007 4502 sepul-

559 4531 770 4608 cretis,
819 4531 937 4596 ubi
984 4532 1290 4597 homines
1338 4552 1662 4616 pauperes
1727 4532 2040 4613 reliquias
2104 4551 2283 4595 cenae
2333 4548 2410 4592 ex
2457 4528 2673 4592 cinere
2720 4526 3010 4609 legentes

1731 4655 1842 4707 330
