3525 5384
576 426 662 487 32
1507 442 1708 485 curm
1754 425 2086 485 uniamur.

573 621 924 696 tinentem,
973 620 1090 685 ubi
1135 640 1229 684 νε.
1285 620 1384 683 18.
1432 618 1754 700 legimus:
1814 619 1952 680 «An
1982 566 2187 699 jacta
2240 616 2582 699 cognoscis
2630 613 2831 683 mah
2886 616 3031 681 Vss,

573 732 800 794 autem
847 727 1006 793 odes
1055 727 1290 792 5-9,:
2910 746 2914 753 ·

1001 888 1130 939 Non
1169 885 1555 953 Dindymene,
1593 902 1712 937 non
1753 884 1947 951 adytis
1987 884 2174 950 quatit

999 977 1256 1029 Mentem
1295 976 1659 1029 sacerdotum
1699 974 1887 1027 incola
1924 973 2187 1039 Pythius,

1001 1067 1127 1117 Non
1167 1066 1342 1117 Liber
1381 1082 1560 1131 aeque,
1597 1082 1715 1117 non
1757 1066 1927 1116 acuta

993 1154 1055 1207 Si
1093 1155 1394 1222 geminant
1433 1152 1789 1223 Corybantes
1830 1169 1961 1215 aera,

998 1243 1218 1295 Tristes
1258 1244 1322 1294 ut
1359 1240 1495 1305 irae,

569 1422 862 1486 alludere
909 1422 1170 1487 videtur
1214 1424 1449 1486 auctor
1493 1421 1576 1483 ad
1623 1440 1717 1484 νε.
1768 1418 1964 1502 epodi
2011 1421 2112 1484 5.:

1002 1606 1228 1669 Valent,
1267 1604 1461 1657 valent
1499 1604 1649 1656 mihi
1685 1601 1782 1656 ira
1820 1606 1874 1655 et
1914 1604 2187 1669 antiquus
2225 1600 2420 1669 furor;

569 1794 653 1857 ad
705 1791 1006 1881 furorem
1076 1796 1301 1858 autem
1372 1794 1480 1859 hic
1528 1799 2126 1860 commemoratum
2172 1794 2415 1858 referas
2476 1792 2630 1856 licet
2690 1812 2817 1854 νεε.
2868 1790 3027 1854 odes

571 1902 870 1966 22—935:
2056 1956 2065 1963 .

1427 2028 1440 2041 .
1466 2026 1480 2040 .
1508 2028 1522 2041 .
1549 2006 1642 2041 me
1683 2005 1909 2055 quoque
1947 1989 2199 2055 pectoris

993 2078 1324 2145 Temptavit
1361 2079 1423 2129 in
1461 2076 1613 2131 dulci
1650 2076 1872 2132 iuventa

995 2170 1211 2219 Fervor
1249 2170 1304 2218 et
1341 2168 1402 2218 in
1443 2167 1656 2219 celeres
1693 2166 1919 2219 iambos

1003 2256 1164 2308 Misit
1200 2254 1507 2323 furmcm:

565 2456 692 2499 νεε.
764 2439 987 2499 autem
1059 2434 1214 2500 odes
1285 2436 1609 2499 aes—Q&
1690 2434 1891 2497 «dum
1963 2434 2128 2499 mihi
2192 2433 2345 2497 Fies
2407 2434 2761 2497 recantatis
2810 2433 3025 2496 amica

576 2537 1000 2631 Opprobriis»
1077 2543 1356 2607 conferri
1416 2546 1698 2626 possunt
1753 2563 1906 2605 cum
1968 2562 2093 2603 νεε.
2149 2541 2387 2603 7—302.
2452 2540 2667 2622 epodi‚
2717 2540 2835 2602 ubi
2880 2560 3021 2621 gra-

566 2650 834 2714 vissima
877 2649 1214 2714 iaciuntur
1262 2650 1616 2733 opprobria
1662 2649 1731 2712 in
1782 2648 2152 2712 Pediatium
2209 2653 2273 2710 et
2320 2667 2589 2711 uxorem
2639 2646 2799 2711 eine.
2852 2646 3021 2727 Ergo

568 2764 771 2821 mater
816 2756 929 2819 illa
971 2753 1252 2843 pulchra
1297 2752 1476 2835 filiae
1511 2750 1916 2843 pulchrioris
1963 2756 2181 2838 potuit
2214 2776 2353 2819 esse
2386 2773 2550 2819 uxor
2580 2754 2860 2818 Pediatii
2906 2774 3023 2836 per

566 2862 938 2925 irrisionem
1001 2857 1189 2928 obesa
1258 2866 1370 2939 (νε.
1441 2862 1569 2939 30.)
1628 2861 1823 2925 dicta.
1896 2861 2055 2940 Quae
2103 2865 2313 2924 mater
2357 2861 2471 2924 illo
2521 2863 2839 2943 tempore,
2890 2881 3020 2944 quo

565 2967 884 3033 Horatius
934 2969 1114 3032 hunc
1163 2969 1448 3051 epodum
1499 2968 1778 3050 scripsit,
1829 2967 2048 3049 potuit
2097 2967 2337 3031 habere
2386 2968 2593 3032 filiam
2656 2970 3018 3050 pubescen-

567 3078 700 3138 tem
750 3076 1023 3139 fortasse
1074 3096 1211 3139 non
1263 3097 1339 3139 ex
1387 3074 1640 3139 cinaedo
1690 3076 1830 3151 illo,
1900 3074 2013 3137 sed
2069 3095 2143 3137 ex
2190 3076 2426 3140 marito
2476 3076 2691 3157 priore
2742 3096 3018 3159 concep-

566 3183 726 3257 tam,
795 3182 901 3245 cui
964 3183 1286 3247 Horatius
1352 3182 1610 3246 iuvenis
1678 3182 1956 3246 domum
2021 3182 2302 3245 Pediatii
2369 3184 2797 3267 frequentans
2862 3182 3021 3247 olim

566 3290 892 3373 placuisse
924 3290 1204 3354 videtur.
1252 3290 1456 3354 Poeta
1503 3294 1728 3353 autem
1778 3310 2016 3353 novem
2064 3294 2180 3353 aut
2226 3289 2453 3353 decem
2486 3293 2636 3371 post
2668 3291 2863 3353 annis
2896 3292 3021 3353 hac

566 3398 689 3462 ode
756 3397 1119 3479 alloquitur
1178 3396 1497 3460 feminam
1561 3400 1824 3459 matura
1889 3396 2022 3458 iam
2088 3394 2589 3477 pulchritudine
2655 3397 3020 3480 fulgentem

564 3502 1050 3586 recantatisque
1117 3504 1349 3565 saltem
1417 3502 1785 3585 opprobriis
1856 3502 1924 3564 in
1992 3505 2274 3565 matrem
2337 3502 2525 3565 iactis
2573 3541 2657 3547 -—-
2709 3504 2787 3566 de
2836 3508 3019 3586 patre

567 3610 745 3673 enim
804 3609 992 3673 nulla
1038 3608 1292 3673 mentio
1340 3644 1425 3652 ——
1473 3612 1663 3690 rogat
1710 3629 1856 3671 eam
1904 3629 2029 3671 ves,
2081 3608 2405 3672 27—28.:
2464 3610 2664 3673 «mihi
2714 3611 2863 3673 Fias
2901 3661 2914 3673 .
2953 3661 2966 3674 .
3004 3660 3018 3673 .

566 3717 780 3779 amica
814 3766 827 3779 .
866 3766 880 3780 .
918 3766 932 3779 .
983 3714 1398 3803 animumque
1444 3709 1702 3780 reddas,
1719 3740 1740 3770 ι»

1645 3939 1683 3979 «Κ
1780 3940 1818 3980 «Κ
1912 3940 1950 3980 «Κ

781 4138 1129 4221 Scripsisse
1177 4138 1439 4202 videtur
1486 4138 1806 4203 Horatius
1855 4140 2036 4204 hunc
2086 4144 2395 4224 epodum,
2433 4145 2546 4208 ubi
2578 4146 2863 4211 Brutum
2902 4152 3017 4225 (vs.

563 4249 648 4325 4.)
694 4244 993 4313 victorem
1040 4246 1331 4328 appellat
1375 4266 1574 4327 seque
1623 4246 1797 4309 bello
1847 4247 2257 4330 Philippensi
2304 4252 2677 4317 interfuisse
2726 4256 3017 4337 glorians

562 4355 1057 4429 commemorat,
1125 4357 1484 4437 antequam
1549 4373 1588 4416 a
1653 4353 1939 4433 Vergilio
1987 4355 2058 4417 in
2108 4356 2380 4422 domum
2447 4360 2821 4427 Maecenatis
2868 4384 3018 4429 vere

561 4462 722 4527 anni
789 4460 893 4525 38.
942 4460 1259 4524 inductus
1309 4466 1500 4525 esset.
1550 4460 2111 4525 Adnumerandus
2160 4470 2257 4527 est-
2320 4466 2519 4547 igitur
2579 4470 3023 4536 verisimiliter

559 4565 1038 4650 antiquissimis
1103 4566 1367 4631 Horatii
1433 4565 1862 4631 carminibus.
1932 4568 2243 4654 Sequitur
2308 4573 2415 4636 hic
2461 4576 2675 4639 multo
2733 4576 3016 4656 fidelius,

1732 4694 1841 4745 336
