3525 5384
1326 421 1411 464 DE
1456 422 1722 464 ΗΟΒΑΤΠ
1767 422 1977 464 EPODO
2024 419 2210 465 xvm.
2908 403 2992 467 33

533 616 734 677 quam
766 601 1015 680 postea,
1053 595 1309 664 animos
1342 617 1758 686 numerosque
1791 597 2210 672 Archilochi3
2247 617 2351 662 res
2384 601 2608 661 autem
2634 600 2998 664 nonnullas

532 706 885 767 mutuatur
929 724 968 767 a
1017 703 1278 769 Catullo
1329 708 1395 768 et
1442 725 1481 768 a
1520 705 1949 788 scriptoribus
1982 704 2221 767 veteris
2256 704 2617 780 comoediae,
2652 706 2736 769 ab
2767 706 2993 788 Eupo-

532 807 664 872 lide
732 814 795 873 et
859 809 1325 893 Aristophane.
1396 809 1636 875 Scribit
1702 831 1771 874 re
1820 830 1972 874 vera
2019 811 2295 873 iuvenili
2357 811 2606 874 fervore
2655 813 2992 888 incitatae,

534 915 840 980 nondum
887 915 1229 998 mitigatus
1277 916 1705 999 philosophia
1750 916 2007 980 morali.
2040 915 2318 981 Carmen
2353 917 2700 982 tradidisse
2733 919 2996 983 videtur

534 1022 775 1085 fautori
823 1042 966 1092 suo,
1016 1011 1323 1104 Vergilio,
1378 1024 1569 1087 cuius
1616 1027 1768 1106 post
1814 1026 2098 1086 mortem
2148 1044 2226 1086 ex
2272 1025 2528 1087 scriniis
2573 1025 2817 1090 relictis
2850 1027 2993 1090 sine

533 1128 673 1191 ulla
738 1129 1091 1193 selectione
1156 1129 1373 1193 editus
1444 1129 1611 1192 liber
1662 1125 2048 1216 Catalepton
2114 1129 2307 1193 nobis
2375 1131 2654 1195 servavit
2703 1133 2992 1215 epodum

535 1237 939 1302 carminibus
1012 1237 1397 1319 Vergilianis
1443 1239 1774 1300 insertum
1838 1241 2036 1319 atque
2087 1258 2163 1300 ex
2213 1258 2288 1300 eo
2337 1240 2631 1321 tempore
2681 1240 2821 1304 sine
2871 1241 2993 1304 mi-

534 1345 720 1437 nima
763 1345 1159 1426 suspicionis
1207 1344 1445 1409 umbra
1491 1365 1530 1408 a
1576 1348 1716 1408 tota
1762 1343 2158 1425 antiquitate
2207 1345 2492 1424 Vergilio
2541 1327 2885 1410 tributum.
2921 1347 2996 1411 In

536 1472 666 1532 quo
715 1452 997 1514 maxime
1047 1473 1123 1516 eo
1171 1451 1559 1533 gaudemus,
1612 1451 1790 1532 quod
1842 1469 2106 1514 carmen
2157 1450 2324 1514 illud
2357 1451 2596 1533 ipsum,
2634 1451 2808 1536 quod
2842 1473 2996 1517 auc-

536 1561 642 1621 tor
687 1580 823 1622 non
874 1557 1088 1622 solum
1138 1579 1275 1622 non
1324 1557 1639 1632 ediderat,
1690 1556 1807 1620 sed
1855 1561 2084 1639 postea
2151 1545 2350 1619 etiam
2416 1560 2796 1642 apographa
2854 1560 2996 1623 eius

536 1663 819 1727 delenda
866 1667 1225 1744 curaverat,
1274 1663 1359 1727 ad
1408 1684 1530 1726 nos
1576 1666 1802 1727 tamen
1850 1663 2151 1745 pervenit
2183 1668 2246 1727 et
2277 1663 2556 1728 Horatio
2590 1665 2995 1746 argumentis

534 1770 893 1834 luculentis
959 1773 1179 1854 potest
1242 1770 1583 1833 vindicari.
1653 1769 1846 1848 Quod
1913 1769 2113 1852 igitur
2183 1770 2338 1832 inde
2409 1771 2492 1832 ab
2559 1792 2736 1834 anno
2810 1773 2908 1836 13.
2959 1792 2998 1835 a

538 1876 689 1940 Chr.
740 1899 827 1953 n.,
878 1898 1008 1960 quo
1056 1876 1377 1959 Epistulae
1424 1877 1578 1940 libri
1626 1875 1902 1940 secundi
1951 1876 2033 1939 ab
2082 1879 2351 1939 auctore
2385 1876 2528 1959 ipso
2577 1879 2767 1941 editae
2817 1884 2995 1954 sunt,

535 2003 673 2046 non
722 1984 961 2060 evenit,
988 1982 1053 2045 id
1104 1983 1324 2047 evenit
1371 2003 1589 2046 nunc:
1641 1987 1954 2066 poemata
1985 1982 2248 2046 Horatii
2282 1987 2482 2046 aucta
2515 1988 2671 2048 sunt
2703 1985 2993 2049 carmine

536 2092 811 2173 integro.
875 2091 1223 2154 Habemus
1287 2086 1563 2178 epodum
1632 2086 2213 2157 duodevicesimam
2277 2113 2354 2156 ex
2403 2092 2778 2174 Appendice
2843 2093 2992 2157 Ver-

534 2197 781 2287 giliana
828 2197 896 2260 in
945 2197 1398 2280 Appendicem
1448 2196 1822 2262 editionum
1869 2197 2130 2261 Horatii
2178 2197 2736 2262 transferendum.

1614 2447 1922 2488 *α*

753 2673 920 2737 Cum
970 2672 1109 2736 haec
1158 2673 1583 2756 scripsissem,
1633 2673 1703 2736 in
1751 2676 2047 2735 mentem
2097 2670 2264 2736 mihi
2311 2673 2494 2737 venit
2539 2673 2746 2754 elegia
2790 2675 2995 2738 notis-

537 2781 705 2843 sima
752 2780 1044 2844 Nestoris
1093 2780 1323 2857 nostri,
1373 2780 1563 2843 Pauli
1616 2775 1890 2866 Gyulai,
1941 2779 2055 2862 qui
2102 2799 2284 2843 nunc
2336 2800 2596 2862 quoque
2645 2781 2818 2845 inter
2875 2802 2998 2846 nos

542 2886 749 2964 sedet,
800 2906 1064 2950 carmen
1112 2887 1303 2962 illud,
1357 2886 1532 2969 quod
1583 2887 1742 2951 olim
1791 2886 2158 2969 puerilibus
2209 2887 2402 2950 annis
2458 2887 2808 2953 dulcedine
2855 2909 2993 2953 ver-

540 3014 738 3057 suum
804 2997 1037 3076 captus
1104 2993 1522 3068 edidiceram,
1592 3015 1722 3075 quo
1792 2998 1964 3057 certe
2015 3013 2211 3056 nemo
2260 2993 2521 3075 scripsit
2584 2994 2663 3057 de
2712 2995 2995 3060 Horatio

540 3100 905 3184 quidquam
953 3101 1317 3183 pulchrius
1382 3101 1571 3175 Nam,
1622 3122 1776 3164 cum
1824 3102 2190 3164 Russorum
2253 3102 2575 3183 tyrannus
2623 3101 2994 3168 libertatem

539 3213 838 3272 nostram
904 3207 1150 3271 avitam
1218 3213 1413 3289 atque
1479 3209 1681 3289 paulo
1748 3212 1903 3271 ante
1970 3209 2426 3290 recuperatam
2491 3208 2656 3289 pede
2720 3209 2997 3273 barbaro

540 3316 1011 3392 conculcasset,
1082 3315 1361 3379 Horatio
1427 3314 1595 3378 lecto
1643 3312 2194 3395 sanctissimoque
2241 3319 2582 3396 permotus
2631 3313 2856 3379 dolore
2905 3317 3000 3378 ita

542 3422 999 3499 exclamavit&
1045 3425 1244 3505 poeta
1290 3421 1483 3486 nobis
1532 3421 1944 3486 carissimus:

970 3655 1013 3706 Ο
1054 3655 1319 3718 Romam,
1358 3655 1623 3715 Romam,
1662 3667 2002 3720 perpessam
2041 3651 2238 3719 turpia
2274 3651 2551 3704 Romam!

1037 3743 1111 3794 At
1148 3744 1389 3796 Flaccus
1428 3742 1681 3794 Veneres
1720 3739 1989 3802 concinit,
2029 3756 2174 3803 ecce,
2214 3739 2357 3808 lyra.

969 3833 1227 3886 Candida
1264 3850 1408 3885 num
1448 3831 1753 3899 splendent
1795 3830 2081 3898 Capitolia
2121 3832 2340 3884 lumine
2379 3831 2615 3898 prisco?

1040 3923 1169 3974 Non
1208 3922 1317 3974 fert
1354 3921 1665 3988 indignum
1705 3919 1890 3972 libera
1926 3920 2112 3973 Roma
2149 3922 2400 3987 iugum?

966 4012 1116 4076 Han,
1156 4012 1255 4065 ubi
1294 4013 1449 4064 avita
1487 4009 1649 4072 fidere,
1688 4009 1928 4062 libertas
1969 4009 2153 4062 dulcis
2193 4010 2292 4062 ubi
2330 4012 2532 4062 nunc?

1041 4100 1305 4153 Mortalis
1346 4099 1573 4164 colitur,
1611 4115 1717 4166 pro
1755 4099 1965 4166 pudor,
2003 4098 2120 4150 aede
2163 4099 2332 4150 deus!

966 4190 1227 4257 Ingeniis
1265 4189 1495 4257 magnis
1534 4187 1856 4240 celebratur
1892 4187 2051 4240 fama
2087 4188 2354 4254 tyranni;

1038 4279 1271 4331 Interiit
1308 4279 1583 4348 populus,
1622 4276 1859 4329 sordida
1895 4277 2068 4329 turba
2105 4278 2321 4329 manet.

754 4475 808 4541 *)
850 4474 1115 4538 Carmen,
1156 4474 1308 4542 quod
1346 4491 1417 4526 ex
1453 4475 1795 4541 Hungarico
1849 4475 1911 4525 in
1964 4473 2241 4525 Latinum
2299 4473 2571 4536 converti,
2629 4470 2994 4524 inscribitur:

540 4561 819 4620 Horatius
855 4563 1207 4618 olvasa'sakor
1242 4566 1279 4616 i.
1320 4581 1368 4616 e.
1410 4561 1546 4617 Oum
1582 4564 1802 4633 leym-em
1837 4560 2164 4617 Horatium.

651 4700 788 4730 utu).
822 4690 919 4730 fen-r.
957 4702 983 4729 A
1014 4700 1182 4730 uram·
1211 4687 1266 4730 ἑο
1293 4691 1505 4730 amun.
1536 4689 1762 4731 noanon.
1793 4700 1868 4729 xx.
1897 4691 2001 4731 xor.
2027 4687 2070 4730 6.
2099 4699 2164 4730 az.
2749 4667 2780 4718 3
