3525 5384
1336 426 1423 469 nn
1466 427 1731 472 nonna
1777 430 1984 474 npono
2029 431 2210 476 xvm.
2907 419 2992 482 23

542 597 643 663 uti
690 603 933 672 censet,
981 599 1125 664 sine
1172 621 1394 668 amore
1434 598 1714 693 iocisque
1759 605 2013 671 Nil-est
2044 607 2435 688 iucundum,
2466 611 2646 676 vivas
2678 613 2746 677 in
2781 633 2995 682 amore

542 700 854 794 iocisque»
911 710 977 771 et
1021 707 1180 771 ibid.
1228 708 1317 774 H.
1366 711 1428 788 2,
1479 711 1601 774 56:
1660 711 1856 777 «anni
1899 711 2216 798 Eripuere
2263 713 2432 786 iocos
2491 713 2791 785 Venerem
2837 741 2991 787 con-

540 811 713 877 vivia
777 813 1095 892 ludum».;
1159 815 1377 882 Carm.
1440 818 1493 882 Ι.
1554 820 1614 896 2,
1686 821 1808 884 33:
1881 819 2202 904 «Erycina
2245 823 2488 902 ridens,
2542 826 2756 905 Quam
2805 822 2996 898 Iocus

541 919 970 986 circumvolat
1017 923 1084 985 et
1132 916 1451 1010 Cupido.»
1509 923 1605 989 Cf.
1657 925 1774 991 Ov.
1821 928 1980 993 Her.
2020 932 2122 1008 15,
2151 931 2451 995 47—48:
2496 931 2714 997 «Tunc
2747 938 2811 998 te
2843 935 2994 1018 plus

538 1025 732 1105 solito
778 1027 1049 1092 lascivia
1094 1031 1323 1096 nostra
1365 1031 1640 1098 iuvabat
1687 1033 2062 1118 Crebraque
2110 1037 2446 1102 mobilitas
2477 1042 2764 1123 aptaque
2795 1042 2997 1106 verba

538 1131 711 1200 ioco»
769 1137 837 1199 et
876 1136 953 1199 A.
1002 1135 1077 1199 A.
1124 1134 1211 1200 11.
1269 1138 1654 1204 175—176:
1712 1162 1902 1205 «cum
1949 1143 2131 1206 culta
2176 1164 2304 1227 pax
2337 1145 2422 1210 sit
2453 1146 2667 1212 amica
2697 1146 2784 1210 Et
2812 1145 2994 1214 iocus

540 1243 606 1304 et
648 1259 885 1304 causas
933 1241 1257 1325 quidquid
1304 1245 1548 1316 amoris
1581 1244 1820 1311 habet»
1878 1250 1941 1312 et
1987 1248 2146 1313 ibid.
2195 1248 2280 1316 H.
2333 1251 2716 1317 723—724:
2759 1257 2992 1319 «Acce-

539 1345 701 1410 dent
730 1350 1022 1430 questus,
1056 1349 1325 1416 accedet
1354 1352 1641 1418 amabile
1674 1374 1976 1419 murmur
2008 1356 2094 1420 Et
2125 1356 2352 1422 dulces
2383 1359 2670 1439 gemitus
2703 1363 2992 1443 aptaque

535 1452 734 1517 verba
797 1451 1015 1533 ioco»;
1079 1456 1292 1540 Priap.
1358 1457 1466 1534 892,
1538 1460 1823 1524 24—25.
1872 1463 1978 1539 (ad
2027 1464 2472 1541 mentulam):
2543 1465 2810 1530 «Puella
2871 1487 2993 1532 nec

534 1559 756 1629 iocosa
800 1567 866 1626 te
913 1564 1044 1629 levi
1088 1585 1296 1629 manu
1342 1567 1623 1634 Fovebit
1668 1569 2080 1652 adprimetve
2113 1571 2412 1636 lucidum
2443 1574 2694 1639 femur»
2737 1578 2802 1640 et
2832 1574 2991 1638 ibid.

535 1669 653 1732 45:
712 1663 971 1735 «Venus
1016 1670 1233 1738 iocosa
1294 1674 1494 1738 molle
1556 1675 1810 1757 ruperit
1855 1676 2090 1742 latus.»
2145 1715 2234 1722 —-
2259 1672 2459 1765 facta
2491 1727 2508 1744 .
2544 1729 2560 1744 .
2596 1729 2611 1742 .
2646 1688 2782 1758 tua,
2833 1681 2986 1745 faci·

535 1794 719 1852 nora,
768 1781 1039 1858 peccata
1086 1779 1333 1843 erotica
1357 1804 1374 1856 ;
1424 1781 1506 1845 cf.
1557 1781 1798 1848 Catull.
1849 1784 1954 1858 81,
2005 1784 2204 1850 5—6.
2252 1783 2356 1862 (de
2403 1807 2612 1868 puero
2646 1786 2992 1865 delicato):

542 1902 777 1964 «quem
823 1887 897 1949 tu
943 1904 1325 1970 praeponere
1358 1889 1551 1952 nobis
1585 1888 1807 1954 Audes
1839 1894 1905 1954 et
1937 1891 2171 1966 nescis,
2208 1891 2384 1975 quod
2433 1893 2690 1959 facinus
2721 1894 2984 1960 facias.»

748 1990 825 2055 V.
881 1992 1159 2058 19—-20,
1208 1989 1365 2060 Non
1410 2016 1508 2062 me
1553 1992 1816 2062 vocabis
1863 1999 2007 2074 etc„
2057 2018 2195 2062 non
2228 2018 2334 2063 me
2369 1996 2566 2064 facies
2597 2000 2988 2083 participem

533 2099 856 2163 scelerum
900 2102 1194 2167 tuorum.
1242 2140 1331 2147 —--
1372 2123 1608 2191 spurca
1630 2123 1751 2190 per
1787 2100 2092 2187 Comitia,
2126 2105 2382 2170 codices
2415 2105 2666 2171 habent
2681 2101 2989 2195 pulchra,

532 2204 650 2268 sed
694 2205 927 2289 Haupt
973 2209 1220 2291 optime
1269 2209 1683 2276 emendavit:
1732 2229 2038 2296 spurca;
2087 2212 2266 2294 origo
2301 2214 2722 2297 corruptelae:
2758 2212 2988 2296 haplo-

534 2311 811 2395 graphia
863 2319 1134 2397 propter
1178 2318 1555 2399 praecedens
1601 2315 1880 2386 vocabis.
1927 2319 2188 2384 Dicitur
2250 2323 2476 2384 autem
2541 2339 2846 2408 spurcum
2908 2319 2990 2385 de

530 2421 823 2484 nefanda
885 2421 1183 2499 libidine,
1252 2429 1329 2489 ut
1398 2423 1639 2491 Catull.
1716 2429 1862 2503 106,
1941 2430 2149 2492 1-2ε
2229 2431 2384 2492 «tua
2451 2447 2618 2492 cana
2680 2432 2986 2492 senectus

531 2522 861 2614 Spurcata
920 2530 1200 2613 impuris
1263 2533 1559 2597 moribus
1620 2534 1937 2600 intereat»
2016 2539 2081 2598 et
2131 2536 2234 2609 77,
2286 2536 2500 2600 7—8:
2558 2557 2774 2619 «purae
2821 2554 2989 2618 pura

531 2637 769 2717 puellae
819 2635 1013 2701 Savia
1075 2641 1463 2704 comminxit
1524 2659 1766 2728 spurca
1830 2643 2036 2707 saliva
2106 2649 2256 2708 tua»
2311 2645 2378 2707 et
2425 2642 2556 2708 Cic.
2608 2644 2758 2724 Agr.
2804 2642 2856 2706 Ι.
2912 2645 2987 2706 1:

541 2742 875 2834 «impurus
938 2746 1201 2811 helluo»
1272 2752 1337 2812 et
1396 2747 1528 2813 Cic.
1590 2749 1689 2813 De
1760 2749 1939 2814 dom.
2011 2751 2133 2813 25:
2224 2749 2561 2814 «helluoni
2633 2745 2986 2835 spurcatis·

530 2849 694 2919 simo
720 2901 736 2915 .
764 2901 780 2916 .
819 2902 833 2916 .
870 2903 885 2917 .
943 2853 1202 2918 homini
1271 2856 1694 2937 egentissimo
1767 2861 1835 2920 et
1902 2856 2482 2931 facinerosissimo,
2571 2855 2768 2920 Sexto
2837 2853 2985 2921 Clo·

531 2958 698 3023 dio.»
763 2958 1080 3024 Horatius
1140 2961 1278 3044 ipse
1345 2963 1503 3040 dicit
1559 2962 1695 3028 Sat.
1754 2963 1838 3027 H.
1907 2965 1967 3040 5,
2045 2965 2161 3028 18:
2235 2963 2712 3044 «Uineutegam
2758 2982 2986 3052 spurco

528 3065 755 3131 Damae
801 3068 1053 3133 latus?»
1108 3107 1196 3114 ——
1238 3089 1354 3157 per
1404 3065 1707 3156 Cotyttia,
1755 3091 1875 3149 per
1920 3069 2058 3134 dies
2105 3071 2308 3136 festos
2356 3069 2682 3153 Cotyttus,
2715 3074 2793 3133 ut
2823 3069 2984 3133 Hor.

532 3172 746 3240 Carm.
816 3174 899 3240 Π.
964 3177 1026 3252 3,
1092 3177 1306 3241 6—7:
1387 3197 1539 3259 «per
1584 3177 1725 3241 dies
1771 3178 2060 3241 Festos.»
2115 3214 2204 3222 —-
2255 3172 2560 3262 Cotyttim
2619 3178 2785 3240 festa
2830 3196 2986 3240 noc·

528 3286 729 3348 turna
774 3284 843 3348 in
908 3284 1232 3348 honorem
1300 3281 1622 3366 Cotyttus,
1690 3283 1963 3348 Veneris
2035 3283 2323 3347 Thraciae
2373 3283 2478 3361 (cf.
2528 3281 2743 3348 Strab.
2791 3282 2872 3346 X.
2920 3303 2984 3365 p.

529 3391 681 3454 470.
715 3394 781 3454 et
809 3391 1052 3456 Athen.
1084 3392 1233 3455 XII.
1267 3391 1356 3468 8.)
1392 3391 1592 3456 etiam
1626 3391 1904 3455 Athenis
1933 3390 2262 3474 praecipue
2286 3390 2613 3454 afeminis
2638 3389 2984 3464 celebrata,

531 3497 841 3562 omnibus
904 3499 1210 3563 nefandae
1258 3497 1554 3563 libidinis
1616 3497 1968 3578 generibus
2017 3493 2398 3561 foedissima.
2465 3495 2735 3562 Cultum
2783 3495 2986 3560 huius

530 3604 667 3668 deae
736 3605 934 3669 etiam
993 3606 1171 3689 apud
1218 3607 1553 3670 Romanos
1621 3609 1960 3689 receptum
2011 3605 2210 3670 fuisse
2266 3625 2401 3669 non
2452 3606 2550 3669 est
2595 3603 2982 3679 verisimile;

530 3711 643 3775 sed
710 3716 881 3775 certe
951 3713 1179 3776 usitati
1250 3717 1442 3776 erant
1508 3713 1802 3776 virorum
1873 3710 2412 3795 cinaedorumque
2485 3709 2680 3774 certis
2751 3709 2986 3774 diebus

530 3824 915 3895 conventuS‚
967 3840 1132 3902 quos
1179 3819 1499 3884 Horatius
1548 3820 1673 3884 hoc
1720 3821 1889 3894 1000,
1939 3819 2277 3884 comoediae
2324 3818 2676 3901 Eupolidis
2710 3839 2983 3894 memor,

531 3927 744 3990 iocose
794 3925 1084 4010 Cotyttia
1131 3927 1456 3991 nominat.
1505 3928 1707 3992 Hunc
1754 3947 1954 3991 suum
1999 3928 2224 3991 locum
2258 3926 2542 4008 respexit
2572 3924 2738 3990 Hor.
2771 3925 2981 4008 Epod.

536 4036 636 4112 17,
686 4035 970 4099 56—57.
1022 4034 1247 4112 (verba
1294 4032 1586 4099 Canidiae
1633 4034 1716 4097 ad
1783 4033 2200 4110 Horatium):
2287 4032 2588 4096 «Inultus
2653 4036 2730 4098 ut
2778 4036 2852 4097 tu
2899 4032 2982 4096 ri·-

529 4141 690 4204 seris
738 4139 1025 4224 Cotyttia
1069 4141 1367 4224 Volgata‚
1418 4161 1680 4206 sacrum
1742 4140 1934 4204 liberi
1999 4139 2406 4224 Cupidinis.»
2477 4141 2577 4204 Ad
2625 4143 2983 4223 utrumque

527 4249 750 4314 locum
798 4250 1039 4314 alludit
1081 4250 1314 4315 Iuven.
1366 4251 1427 4328 2,
1478 4252 1776 4315 91—92:
1833 4250 2051 4314 «Talia
2114 4252 2364 4313 secreta
2411 4248 2762 4313 coluerunt
2807 4248 2987 4330 orgia

529 4355 701 4420 taeda
747 4355 1131 4440 Cecropiam
1200 4357 1377 4421 soliti
1424 4353 1685 4447 Baptae
1728 4358 1975 4421 lassare
2039 4354 2410 4439 Cotytton,»
2463 4352 2584 4417 ubi
2629 4352 2990 4418 scholiasta

527 4463 842 4527 adnotat:
918 4459 1218 4552 «Baptae
1277 4464 1513 4528 titulus
1579 4465 1751 4542 libri,
1821 4485 1950 4547 quo
2016 4459 2338 4544 impudici
2386 4459 2853 4524 describuntur
2899 4459 2981 4523 ab

527 4568 881 4652 Eupolide,
929 4571 1045 4652 qui
1092 4571 1347 4636 inducit
1392 4572 1566 4636 viros
1613 4572 1697 4636 ad
1723 4571 2167 4636 imitationem
2202 4569 2601 4633 feminarum
2647 4568 2984 4632 saltantes.

1702 4696 1806 4747 3327
