3525 5384
578 427 657 491 18
859 494 864 501 ,
1199 443 1204 449 ·
1503 449 1701 493 Gurza
1748 434 2077 496 summm.

570 623 712 687 tino
779 628 1017 689 natum
1079 628 1264 708 patre
1326 627 1392 690 et
1455 625 1525 690 in
1573 625 1759 691 tenui
1807 627 1903 691 rei
1948 626 2232 691 Maiores
2292 646 2549 710 pennas
2596 627 2763 691 nido·
2805 630 3024 691 exten·

571 731 744 796 disse
789 731 1096 815 loqueris,
1146 732 1236 798 Ut
1281 736 1608 816 quantum
1654 734 1881 815 generi
1929 735 2176 810 demas,
2224 731 2574 801 virtutibus
2622 735 2866 798 addas:
2914 729 3029 799 Me

564 836 804 927 primis
863 835 1045 906 urbis
1110 834 1260 905 belli
1312 836 1648 929 placuisse
1713 832 2084 925 domique.»
2160 841 2290 921 Qui
2336 842 2518 907 enim
2580 844 2768 906 erant
2830 840 3026 924 primi

570 944 670 1009 illi
715 946 918 1025 urbis,
944 946 1186 1030 quibus
1232 950 1432 1028 poeta
1469 947 1537 1010 in
1587 946 1761 1011 bello
1808 948 2109 1031 placuit?
2139 950 2387 1013 Brutus
2436 954 2608 1014 certe
2642 952 2709 1013 et
2740 947 3024 1013 Cassius.

574 1051 835 1135 Optime
883 1052 1084 1135 igitur
1132 1053 1294 1118 dixit
1340 1054 1499 1119 olim
1566 1074 1847 1136 magnus
1902 1054 2013 1118 ille
2079 1051 2358 1143 Lessing}
2406 1056 2529 1135 (ed.
2596 1055 2868 1121 Lachm.
2915 1054 3026 1119 IV.

571 1178 637 1241 p.
687 1159 855 1238 260:
914 1158 1169 1224 «Horaz
1215 1182 1349 1225 war
1395 1162 1503 1226 ein
1545 1161 1785 1243 junger
1830 1148 2105 1226 Mensch
2171 1142 2346 1227 ohne
2394 1164 2634 1229 Ahnen
2681 1161 2822 1228 und
2870 1160 3024 1226 Ver·

572 1268 836 1349 mogen,
885 1267 1026 1331 und
1076 1267 1384 1332 dennoch
1433 1268 1733 1351 gelangte
1783 1289 1855 1333 er
1898 1268 2110 1351 gleich
2159 1270 2456 1352 Anfangs
2503 1291 2587 1334 zu
2635 1270 2751 1333 der
2780 1268 3027 1335 Wiirde

573 1374 756 1439 eines
815 1374 1118 1439 Tribuns.
1183 1374 1280 1439 Ist
1345 1395 1414 1439 es
1462 1375 1600 1440 also
1668 1375 1855 1455 nicht
1900 1376 2062 1453 klar,
2111 1368 2262 1442 dass
2315 1378 2564 1442 Brutus
2611 1375 3025 1459 personliche

495 1468 500 1471 ¹
571 1480 1084 1565 Eigenschaften
1132 1482 1203 1546 in
1251 1482 1393 1546 ihm
1437 1484 1659 1547 miisse
1708 1484 2020 1548 entdeckt
2050 1485 2290 1564 haben,
2324 1486 2567 1549 welche
2602 1485 2730 1548 den
2764 1484 3028 1567 Mangel

575 1609 660 1653 an
732 1588 971 1653 Ahnen
1037 1591 1176 1653 und
1225 1590 1597 1673 Vermogen
1653 1593 2027 1655 ersetzten?
2096 1592 2252 1657 Was
2301 1593 2597 1656 konnten
2646 1592 2822 1655 diese
2870 1591 3031 1666 aber

571 1696 680 1759 fiir
724 1695 1238 1777 Eigenschasten
1289 1696 1450 1772 sein,
1501 1716 1691 1760 wenn
1741 1718 1809 1760 es
1858 1698 2045 1762 nicht
2107 1699 2611 1764 entschiedener
2657 1697 2851 1762 Muth
2884 1698 3027 1763 und

573 1804 718 1868 eine
767 1803 1183 1885 vorziigliche
1229 1804 1578 1885 Fahigkeit
1623 1824 1743 1868 zur
1786 1803 2224 1887 Kriegskunst
2267 1810 2568 1871 waren?»

551 1988 558 1993 ⁶
762 1908 863 1998 Υ.
913 1910 1110 1973 5-6.
1173 1902 1426 1986 Valent,
1473 1909 1693 1975 valent
1738 1906 1909 1976 mihi
1944 1908 2073 1989 ira,
2109 1912 2350 1995 saepius
2384 1914 2858 1975 commemorat
2888 1910 3025 1973 Ho-

572 2017 781 2083 ratius
827 2017 1240 2082 iracundiam
1289 2037 1519 2090 suam3
1571 2017 1651 2080 cf.
1701 2016 1837 2081 Sat.
1886 2016 1971 2082 ΙΙ.
2024 2018 2084 2094 3,
2135 2019 2303 2083 3923:
2361 2018 2540 2081 «Non
2574 2018 2722 2081 dico
2756 2017 3025 2081 horren-

575 2126 730 2189 dam
806 2125 1121 2204 rabiem»,
1200 2124 1418 2191 Garm.
1494 2126 1611 2191 III.
1694 2127 1751 2204 9,
1836 2127 2133 2190 22-—232
2223 2126 2560 2208 «improbo
2638 2124 3030 2190 Iracundior

573 2230 891 2307 Hadria»,
957 2232 1166 2315 Epist.
1233 2233 1285 2297 Ι.
1355 2235 1460 2311 920,
1529 2234 1634 2303 25.
1709 2233 1948 2297 «Irasci
2014 2233 2354 2297 celerem.»
2419 2231 2727 2296 Ceterum
2773 2230 2883 2297 ira
2930 2234 3029 2295 est

579 2341 728 2404 fons
773 2360 1047 2423 poeseos
1094 2339 1430 2419 iambicae3
1481 2341 1563 2405 cf.
1612 2339 1830 2405 Carm.
1864 2340 1913 2405 Ι.
1964 2341 2065 2420 16,
2121 2342 2327 2405 1—9:
2385 2339 2474 2404 «Ο
2506 2344 2716 2403 matre
2749 2339 3030 2421 pulchra

577 2448 718 2512 filia
777 2447 1138 2529 pulchrior,
1205 2447 1418 2526 Quem
1485 2448 1855 2513 criminosis
1923 2470 2207 2531 cumque
2256 2450 2435 2512 voles
2491 2449 2767 2511 modum
2815 2447 3029 2509 Pones
3132 2468 3137 2471 ·

575 2551 836 2633 iambis,
886 2555 1020 2619 sive
1066 2556 1358 2630 flamma,
1408 2553 1555 2620 Sive
1587 2558 1756 2621 mari
1785 2557 1949 2621 libet
1993 2557 2359 2621 Hadriano.
2409 2558 2555 2621 Non
2588 2555 3028 2637 Dindymene,

578 2682 716 2747 non
766 2660 981 2744 adytis
1031 2660 1244 2745 quatit
1289 2661 1586 2728 Mentem
1635 2662 2055 2727 sacerdotum
2103 2663 2322 2726 incola
2366 2662 2664 2745 Pythius,
2713 2662 2859 2724 Non
2921 2659 3028 2723 Li-

578 2768 696 2831 ber
755 2789 960 2852 aeque,
991 2777 1141 2832 'non
1204 2771 1402 2832 acuta
1466 2767 1536 2832 Si
1573 2769 1945 2851 geminant
1993 2768 2398 2851 Corybantes
2446 2787 2618 2845 aera,
2674 2762 2914 2833 Tristes
2960 2774 3034 2831 ut

578 2872 779 2941 irae.»
835 2913 921 2920 —
968 2872 1278 2965 antiquus
1322 2870 1545 2962 furor,
1616 2896 1745 2959 quo
1814 2876 1973 2939 olim
2036 2874 2106 2939 in
2153 2875 2326 2939 bello
2376 2875 2551 2939 civili
2606 2875 2773 2939 duce
2821 2876 3031 2938 Bruto

579 3003 1055 3066 pugnaveram.
1104 2981 1201 3047 Of.
1249 2984 1415 3047 Hor.
1465 2981 1682 3046 Carm.
1717 2982 1835 3047 III.
1878 2983 1977 3061 14,
2016 2983 2298 3046 021—928.
2332 2964 2438 3061 (ad
2472 3002 2737 3046 servum
2771 2985 3031 3058 suum):

591 3091 748 3155 «Dic
797 3095 861 3154 et
908 3093 1156 3173 argutae
1186 3093 1494 3172 properet
1525 3091 1769 3154 Neaerae
1802 3090 2143 3153 Murreum
2176 3089 2354 3153 nodo
2404 3087 2710 3153 cohibere
2744 3087 3031 3152 crinem:

582 3196 654 3262 Si
699 3218 818 3280 per
863 3196 1154 3261 invisum
1201 3216 1390 3260 mora
1433 3181 1789 3259 ianitorem
1834 3197 2001 3274 Fiet,
2051 3196 2254 3261 abito.
2286 3196 2484 3259 Lenit
2512 3195 2854 3259 albescens
2890 3194 3030 3257 ani-

582 3324 725 3368 mos
791 3304 1068 3385 capillus
1133 3304 1380 3368 Litium
1452 3305 1519 3366 et
1580 3302 1732 3366 rixae
1801 3303 2078 3385 cupidos
2123 3307 2477 3386 protervae:
2543 3303 2692 3366 Non
2742 3322 2861 3383 ego
2910 3300 3034 3364 hoc

585 3412 818 3477 ferrem
877 3407 1137 3477 calidus
1182 3408 1447 3478 iuventa
1501 3406 1783 3477 Consule
1828 3405 2145 3488 Planco»,
2193 3410 2311 3473 ubi
2356 3409 2695 3474 mentione
2743 3408 3036 3473 consulis

583 3520 812 3584 Planci
877 3517 1116 3583 alludit
1180 3518 1265 3582 ad
1326 3538 1584 3582 annum
1630 3519 1737 3581 492.
1787 3538 1846 3583 a.
1897 3516 2047 3581 Chr.
2097 3537 2185 3593 n.,
2234 3518 2277 3581 i.
2327 3538 2379 3582 e.
2432 3518 2515 3582 ad
2563 3522 2827 3599 tempus
2876 3508 3035 3578 belli

584 3626 1047 3709 Philippensis.
1103 3624 1262 3690 Vult
1308 3624 1508 3707 igitur
1555 3624 1809 3689 dicere:
1886 3624 2114 3689 «Nunc
2163 3645 2352 3707 aequo
2401 3626 2623 3689 animo
2672 3626 2810 3688 fero
2859 3622 3033 3686 iniu-

585 3722 734 3809 rias,
784 3733 898 3797 sed
960 3732 1120 3798 olim
1167 3732 1326 3796 belli
1372 3732 1582 3796 civilis
1630 3737 1926 3814 tempore
1977 3751 2175 3795 nemo
2222 3752 2329 3816 me
2395 3731 2669 3813 impune
2716 3730 3035 3793 lacessere

585 3840 914 3923 potuisset
978 3839 1327 3903 iuventute
1392 3838 1779 3903 fervidum.»
1836 3874 1921 3883 —
1981 3832 2195 3919 furor,
2246 3837 2480 3901 eodem
2527 3837 2799 3900 nomine
2850 3836 3040 3900 notat

586 3946 837 4010 bellum
887 3946 1075 4010 civile
1144 3945 1359 4010 Carm.
1425 3944 1534 4009 IV.
1607 3947 1709 4023 15,
1767 3946 2063 4009 17—18:
2139 3963 2311 4007 «non
2375 3939 2564 4018 furor
2636 3938 2873 4009 Civilis
2921 3945 3040 4005 aut

584 4052 682 4117 vis
747 4052 957 4135 exiget
1019 4053 1310 4129 otium»;
1380 4054 1459 4116 cf.
1527 4053 1728 4115 etiam
1794 4051 2003 4134 Epist.
2069 4051 2154 4116 ΙΙ.
2222 4052 2282 4128 2,
2354 4050 2462 4113 47.
2541 4049 2645 4126 (de
2702 4069 2784 4113 se
2833 4049 3039 4131 ipso):

595 4155 991 4246 «Civilisque
1055 4159 1291 4224 rudem
1358 4159 1516 4223 belli
1581 4160 1737 4223 tulit
1801 4167 2011 4225 aestus
2082 4158 2152 4221 in
2200 4178 2440 4221 arma.»
2499 4156 2810 4220 Ceterum
2850 4150 3044 4239 furor

589 4271 687 4333 est
733 4268 1040 4351 proprius
1087 4268 1345 4342 iambis,
1398 4268 1576 4331 unde
1623 4267 1700 4330 A.
1749 4268 1820 4331 P.
1872 4269 1985 4331 79:
2046 4263 2558 4351 «Archilochum
2620 4262 2885 4346 proprio
2931 4282 3039 4327 ra-

587 4372 717 4441 bies
763 4374 1045 4439 armavit
1089 4370 1340 4440 iambo»
1397 4379 1462 4439 et
1509 4373 1726 4439 Garm.
1774 4372 1823 4437 Ι.
1884 4372 1977 4449 16,
2033 4372 2332 4435 922—252
2392 4388 2533 4432 «me
2583 4388 2845 4450 quoque
2894 4387 3039 4450 pec-

588 4481 748 4545 toris
797 4481 1169 4565 Temptavit
1211 4482 1282 4544 in
1333 4480 1510 4544 dulci
1572 4482 1848 4545 iuventa
1916 4480 2160 4543 Fervor
2224 4480 2291 4541 et
2354 4476 2424 4539 in
2492 4475 2733 4539 celeres
2795 4470 3044 4539 iambos

589 4587 772 4653 Misit
815 4586 1204 4675 furentem.»
1260 4626 1348 4633 —
1395 4582 1488 4653 Et
1553 4584 1804 4675 linqua,
1870 4608 2013 4651 rem
2079 4587 2257 4651 enim
2321 4584 2525 4648 habet
2572 4602 2725 4648 cum
2774 4581 3043 4645 homine

1764 4710 1869 4761 32⁴2
