<?xml version="1.0" encoding="UTF-8"?>
<!DOCTYPE html PUBLIC "-//W3C//DTD XHTML 1.0 Transitional//EN"
    "http://www.w3.org/TR/xhtml1/DTD/xhtml1-transitional.dtd">
<html xmlns="http://www.w3.org/1999/xhtml" xml:lang="en" lang="en">
 <head>
  <title>
</title>
<meta http-equiv="Content-Type" content="text/html;charset=utf-8" />
  <meta name='ocr-system' content='tesseract 3.04.00' />
  <meta name='ocr-capabilities' content='ocr_page ocr_carea ocr_par ocr_line ocrx_word'/>
</head>
<body>
  <div class='ocr_page' id='page_1' title='image "./deepodohoratiic00marogoog_0029.png"; bbox 0 0 3525 5384; ppageno 0'>
   <div class='ocr_carea' id='block_1_1' title="bbox 1339 383 3000 445">
    <p class='ocr_par' dir='ltr' id='par_1_1' title="bbox 1339 383 3000 445">
     <span class='ocr_line' id='line_1_1' title="bbox 1339 383 3000 445; baseline 0.001 -1"><span class='ocrx_word' id='word_1_1' title='bbox 1339 402 1422 444; x_wconf 72' lang='lat' dir='ltr'>Da</span> <span class='ocrx_word' id='word_1_2' title='bbox 1469 401 1736 445; x_wconf 71' lang='grc' dir='ltr'><strong>ΗοΒΑΤΠ</strong></span> <span class='ocrx_word' id='word_1_3' title='bbox 1784 402 1988 445; x_wconf 80' lang='lat' dir='ltr'>EPoDo</span> <span class='ocrx_word' id='word_1_4' title='bbox 2036 402 2217 444; x_wconf 82' lang='lat' dir='ltr'>xvm.</span> <span class='ocrx_word' id='word_1_5' title='bbox 2918 383 3000 445; x_wconf 71' lang='lat'>25</span> 
     </span>
    </p>
   </div>
   <div class='ocr_carea' id='block_1_2' title="bbox 537 575 3055 1729">
    <p class='ocr_par' dir='ltr' id='par_1_2' title="bbox 537 575 3055 1729">
     <span class='ocr_line' id='line_1_2' title="bbox 540 575 3001 659; baseline -0 -17"><span class='ocrx_word' id='word_1_6' title='bbox 540 578 636 659; x_wconf 86' lang='lat' dir='ltr'>git</span> <span class='ocrx_word' id='word_1_7' title='bbox 698 590 955 642; x_wconf 84' lang='lat' dir='ltr'>sacram</span> <span class='ocrx_word' id='word_1_8' title='bbox 1018 578 1441 642; x_wconf 73' lang='lat' dir='ltr'><strong>saltationem</strong></span> <span class='ocrx_word' id='word_1_9' title='bbox 1506 578 1577 640; x_wconf 89' lang='lat' dir='ltr'>in</span> <span class='ocrx_word' id='word_1_10' title='bbox 1633 576 1883 659; x_wconf 88' lang='lat' dir='ltr'>templo</span> <span class='ocrx_word' id='word_1_11' title='bbox 1951 575 2273 659; x_wconf 85' lang='lat' dir='ltr'>Cotyttus.</span> <span class='ocrx_word' id='word_1_12' title='bbox 2321 578 2525 641; x_wconf 88' lang='lat' dir='ltr'>Poeta</span> <span class='ocrx_word' id='word_1_13' title='bbox 2570 580 2723 641; x_wconf 88' lang='lat' dir='ltr'>ante</span> <span class='ocrx_word' id='word_1_14' title='bbox 2772 577 3001 642; x_wconf 89' lang='lat' dir='ltr'>oculos</span> 
     </span>
     <span class='ocr_line' id='line_1_3' title="bbox 541 682 2997 768; baseline 0 -21"><span class='ocrx_word' id='word_1_15' title='bbox 541 684 777 748; x_wconf 90' lang='lat' dir='ltr'>habuit</span> <span class='ocrx_word' id='word_1_16' title='bbox 821 684 1169 768; x_wconf 82' lang='lat' dir='ltr'>Eupolidis</span> <span class='ocrx_word' id='word_1_17' title='bbox 1216 686 1482 767; x_wconf 76' lang='lat' dir='ltr'>Baptae,</span> <span class='ocrx_word' id='word_1_18' title='bbox 1532 682 1648 747; x_wconf 93' lang='lat' dir='ltr'>ubi</span> <span class='ocrx_word' id='word_1_19' title='bbox 1694 688 1859 747; x_wconf 89' lang='lat' dir='ltr'>teste</span> <span class='ocrx_word' id='word_1_20' title='bbox 1909 682 2129 747; x_wconf 84' lang='lat' dir='ltr'>Schol.</span> <span class='ocrx_word' id='word_1_21' title='bbox 2179 683 2250 747; x_wconf 90' lang='lat' dir='ltr'>in</span> <span class='ocrx_word' id='word_1_22' title='bbox 2297 684 2525 747; x_wconf 87' lang='lat' dir='ltr'>Iuven.</span> <span class='ocrx_word' id='word_1_23' title='bbox 2563 686 2623 759; x_wconf 70' lang='lat'>2,</span> <span class='ocrx_word' id='word_1_24' title='bbox 2660 686 2765 748; x_wconf 88' lang='lat'>91.</span> <span class='ocrx_word' id='word_1_25' title='bbox 2800 684 2997 767; x_wconf 85' lang='lat' dir='ltr'>scrip-</span> 
     </span>
     <span class='ocr_line' id='line_1_4' title="bbox 541 790 3055 857; baseline 0 -1"><span class='ocrx_word' id='word_1_26' title='bbox 541 796 681 856; x_wconf 86' lang='lat' dir='ltr'>tor:</span> <span class='ocrx_word' id='word_1_27' title='bbox 759 792 1053 856; x_wconf 76' lang='lat' dir='ltr'>«inducit</span> <span class='ocrx_word' id='word_1_28' title='bbox 1117 792 1292 856; x_wconf 87' lang='lat' dir='ltr'>viros</span> <span class='ocrx_word' id='word_1_29' title='bbox 1351 790 1436 853; x_wconf 84' lang='lat' dir='ltr'>ad</span> <span class='ocrx_word' id='word_1_30' title='bbox 1483 790 1928 855; x_wconf 85' lang='lat' dir='ltr'>imitationem</span> <span class='ocrx_word' id='word_1_31' title='bbox 1996 791 2399 855; x_wconf 87' lang='lat' dir='ltr'>feminarum</span> <span class='ocrx_word' id='word_1_32' title='bbox 2462 792 2839 856; x_wconf 73' lang='lat' dir='ltr'>saltantes.»</span> <span class='ocrx_word' id='word_1_33' title='bbox 2899 790 2997 857; x_wconf 86' lang='lat' dir='ltr'>Cf.</span> <span class='ocrx_word' id='word_1_34' title='bbox 3052 834 3055 837; x_wconf 87' lang='lat'>-</span> 
     </span>
     <span class='ocr_line' id='line_1_5' title="bbox 539 895 2995 983; baseline -0 -20"><span class='ocrx_word' id='word_1_35' title='bbox 539 899 778 983; x_wconf 86' lang='lat' dir='ltr'>Eupol.</span> <span class='ocrx_word' id='word_1_36' title='bbox 828 901 904 963; x_wconf 86' lang='lat' dir='ltr'>fr.</span> <span class='ocrx_word' id='word_1_37' title='bbox 957 900 1060 963; x_wconf 90' lang='lat'>77.</span> <span class='ocrx_word' id='word_1_38' title='bbox 1127 898 1252 978; x_wconf 86' lang='lat' dir='ltr'>(ed.</span> <span class='ocrx_word' id='word_1_39' title='bbox 1321 898 1546 977; x_wconf 86' lang='lat' dir='ltr'>Kock),</span> <span class='ocrx_word' id='word_1_40' title='bbox 1595 898 1713 962; x_wconf 91' lang='lat' dir='ltr'>ubi</span> <span class='ocrx_word' id='word_1_41' title='bbox 1758 895 1976 979; x_wconf 82' lang='lat' dir='ltr'>agitur</span> <span class='ocrx_word' id='word_1_42' title='bbox 2032 897 2111 961; x_wconf 89' lang='lat' dir='ltr'>de</span> <span class='ocrx_word' id='word_1_43' title='bbox 2157 898 2319 976; x_wconf 89' lang='lat' dir='ltr'>viro,</span> <span class='ocrx_word' id='word_1_44' title='bbox 2372 898 2647 963; x_wconf 85' lang='lat' dir='ltr'>fortasse</span> <span class='ocrx_word' id='word_1_45' title='bbox 2696 897 2776 962; x_wconf 90' lang='lat' dir='ltr'>de</span> <span class='ocrx_word' id='word_1_46' title='bbox 2825 897 2995 963; x_wconf 90' lang='lat' dir='ltr'>Alci-</span> 
     </span>
     <span class='ocr_line' id='line_1_6' title="bbox 543 996 2991 1092; baseline -0 -22"><span class='ocrx_word' id='word_1_47' title='bbox 543 1006 730 1071; x_wconf 85' lang='lat' dir='ltr'>biade</span> <span class='ocrx_word' id='word_1_48' title='bbox 777 1008 941 1089; x_wconf 89' lang='lat' dir='ltr'>ipso,</span> <span class='ocrx_word' id='word_1_49' title='bbox 990 1006 1059 1070; x_wconf 88' lang='lat' dir='ltr'>in</span> <span class='ocrx_word' id='word_1_50' title='bbox 1111 1007 1432 1069; x_wconf 90' lang='lat' dir='ltr'>honorem</span> <span class='ocrx_word' id='word_1_51' title='bbox 1483 996 1786 1087; x_wconf 74' lang='lat' dir='ltr'>Cotyttus</span> <span class='ocrx_word' id='word_1_52' title='bbox 1834 1004 2156 1070; x_wconf 75' lang='lat' dir='ltr'><strong>saltante:</strong></span> <span class='ocrx_word' id='word_1_53' title='bbox 2196 1003 2313 1077; x_wconf 83' lang='grc' dir='ltr'>Ὃς</span> <span class='ocrx_word' id='word_1_54' title='bbox 2362 1006 2570 1079; x_wconf 79' lang='grc' dir='ltr'><strong>καλῶς</strong></span> <span class='ocrx_word' id='word_1_55' title='bbox 2620 1011 2729 1092; x_wconf 79' lang='grc' dir='ltr'>μὲν</span> <span class='ocrx_word' id='word_1_56' title='bbox 2764 1028 2991 1089; x_wconf 80' lang='grc' dir='ltr'><strong>τυμπα-</strong></span> 
     </span>
     <span class='ocr_line' id='line_1_7' title="bbox 539 1111 2992 1199; baseline 0 -22"><span class='ocrx_word' id='word_1_57' title='bbox 539 1118 716 1187; x_wconf 64' lang='lat' dir='ltr'>vicet&lt;</span> <span class='ocrx_word' id='word_1_58' title='bbox 765 1114 897 1179; x_wconf 85' lang='grc' dir='ltr'>Καὶ</span> <span class='ocrx_word' id='word_1_59' title='bbox 945 1114 1305 1199; x_wconf 78' lang='grc' dir='ltr'>διαψάλλεις</span> <span class='ocrx_word' id='word_1_60' title='bbox 1341 1118 1647 1196; x_wconf 82' lang='grc' dir='ltr'>τριγώνοις</span> <span class='ocrx_word' id='word_1_61' title='bbox 1684 1111 2047 1186; x_wconf 73' lang='grc' dir='ltr'><strong>Κάπικινεῖς</strong></span> <span class='ocrx_word' id='word_1_62' title='bbox 2080 1122 2214 1186; x_wconf 84' lang='grc' dir='ltr'><strong>ταῖς</strong></span> <span class='ocrx_word' id='word_1_63' title='bbox 2245 1118 2555 1199; x_wconf 75' lang='grc' dir='ltr'>κοχώναις</span> <span class='ocrx_word' id='word_1_64' title='bbox 2592 1112 2992 1186; x_wconf 78' lang='grc' dir='ltr'>Κάνατεὶνεις</span> 
     </span>
     <span class='ocr_line' id='line_1_8' title="bbox 540 1206 2993 1307; baseline 0 -24"><span class='ocrx_word' id='word_1_65' title='bbox 540 1224 621 1283; x_wconf 85' lang='grc' dir='ltr'>τὼ</span> <span class='ocrx_word' id='word_1_66' title='bbox 671 1222 954 1307; x_wconf 50' lang='grc' dir='ltr'>σκέληθῑ)</span> <span class='ocrx_word' id='word_1_67' title='bbox 1005 1214 1411 1287; x_wconf 82' lang='lat' dir='ltr'>Lumbulum</span> <span class='ocrx_word' id='word_1_68' title='bbox 1458 1238 1698 1285; x_wconf 80' lang='lat' dir='ltr'>movere</span> <span class='ocrx_word' id='word_1_69' title='bbox 1744 1219 1824 1283; x_wconf 91' lang='lat' dir='ltr'>de</span> <span class='ocrx_word' id='word_1_70' title='bbox 1858 1222 2118 1283; x_wconf 87' lang='lat' dir='ltr'>actione</span> <span class='ocrx_word' id='word_1_71' title='bbox 2154 1206 2461 1296; x_wconf 85' lang='lat' dir='ltr'>saltandi,</span> <span class='ocrx_word' id='word_1_72' title='bbox 2496 1224 2573 1285; x_wconf 90' lang='lat' dir='ltr'>ut</span> <span class='ocrx_word' id='word_1_73' title='bbox 2608 1221 2796 1303; x_wconf 85' lang='lat' dir='ltr'>Verg.</span> <span class='ocrx_word' id='word_1_74' title='bbox 2833 1219 2993 1303; x_wconf 88' lang='lat' dir='ltr'>Gop.</span> 
     </span>
     <span class='ocr_line' id='line_1_9' title="bbox 542 1324 2995 1411; baseline 0 -22"><span class='ocrx_word' id='word_1_75' title='bbox 542 1328 618 1391; x_wconf 72' lang='lat'>2:</span> <span class='ocrx_word' id='word_1_76' title='bbox 677 1327 1020 1411; x_wconf 87' lang='lat' dir='ltr'>«Crispum</span> <span class='ocrx_word' id='word_1_77' title='bbox 1067 1327 1192 1390; x_wconf 89' lang='lat' dir='ltr'>sub</span> <span class='ocrx_word' id='word_1_78' title='bbox 1239 1326 1489 1390; x_wconf 87' lang='lat' dir='ltr'>crotalo</span> <span class='ocrx_word' id='word_1_79' title='bbox 1540 1324 1734 1390; x_wconf 89' lang='lat' dir='ltr'>docta</span> <span class='ocrx_word' id='word_1_80' title='bbox 1782 1346 2042 1390; x_wconf 87' lang='lat' dir='ltr'>movere</span> <span class='ocrx_word' id='word_1_81' title='bbox 2091 1326 2348 1403; x_wconf 90' lang='lat' dir='ltr'>latus»;</span> <span class='ocrx_word' id='word_1_82' title='bbox 2398 1326 2627 1390; x_wconf 84' lang='lat' dir='ltr'>Iuven.</span> <span class='ocrx_word' id='word_1_83' title='bbox 2680 1328 2739 1403; x_wconf 91' lang='grc'>6,</span> <span class='ocrx_word' id='word_1_84' title='bbox 2776 1326 2995 1390; x_wconf 82' lang='grc'><strong>314-</strong></span> 
     </span>
     <span class='ocr_line' id='line_1_10' title="bbox 543 1432 2993 1509; baseline 0 -11"><span class='ocrx_word' id='word_1_85' title='bbox 543 1436 709 1498; x_wconf 87' lang='lat'><strong>315:</strong></span> <span class='ocrx_word' id='word_1_86' title='bbox 768 1434 976 1497; x_wconf 91' lang='lat' dir='ltr'>«Nota</span> <span class='ocrx_word' id='word_1_87' title='bbox 1019 1433 1223 1498; x_wconf 85' lang='lat' dir='ltr'>Bonae</span> <span class='ocrx_word' id='word_1_88' title='bbox 1272 1437 1524 1497; x_wconf 89' lang='lat' dir='ltr'>secreta</span> <span class='ocrx_word' id='word_1_89' title='bbox 1569 1434 1746 1509; x_wconf 81' lang='lat' dir='ltr'>Deae,</span> <span class='ocrx_word' id='word_1_90' title='bbox 1797 1453 1949 1496; x_wconf 90' lang='lat' dir='ltr'>cum</span> <span class='ocrx_word' id='word_1_91' title='bbox 2015 1432 2181 1497; x_wconf 90' lang='lat' dir='ltr'>tibia</span> <span class='ocrx_word' id='word_1_92' title='bbox 2224 1434 2490 1497; x_wconf 88' lang='lat' dir='ltr'>lumbos</span> <span class='ocrx_word' id='word_1_93' title='bbox 2538 1433 2839 1498; x_wconf 88' lang='lat' dir='ltr'>Incitat.»</span> <span class='ocrx_word' id='word_1_94' title='bbox 2897 1433 2993 1499; x_wconf 82' lang='lat' dir='ltr'>Of.</span> 
     </span>
     <span class='ocr_line' id='line_1_11' title="bbox 537 1534 2994 1623; baseline 0.001 -20"><span class='ocrx_word' id='word_1_95' title='bbox 537 1540 750 1623; x_wconf 90' lang='lat' dir='ltr'>Priap.</span> <span class='ocrx_word' id='word_1_96' title='bbox 806 1542 905 1617; x_wconf 81' lang='lat'>19,</span> <span class='ocrx_word' id='word_1_97' title='bbox 959 1542 1168 1604; x_wconf 85' lang='lat'><strong>1—3:</strong></span> <span class='ocrx_word' id='word_1_98' title='bbox 1226 1540 1610 1603; x_wconf 76' lang='lat' dir='ltr'>«Telethusa</span> <span class='ocrx_word' id='word_1_99' title='bbox 1680 1539 2071 1617; x_wconf 84' lang='lat' dir='ltr'>circulatrix,</span> <span class='ocrx_word' id='word_1_100' title='bbox 2125 1539 2284 1618; x_wconf 85' lang='lat' dir='ltr'>Quae</span> <span class='ocrx_word' id='word_1_101' title='bbox 2332 1536 2584 1607; x_wconf 80' lang='lat' dir='ltr'>clunem</span> <span class='ocrx_word' id='word_1_102' title='bbox 2628 1534 2858 1606; x_wconf 86' lang='lat' dir='ltr'>tunica</span> <span class='ocrx_word' id='word_1_103' title='bbox 2904 1545 2994 1605; x_wconf 91' lang='lat' dir='ltr'>te-</span> 
     </span>
     <span class='ocr_line' id='line_1_12' title="bbox 539 1645 2993 1729; baseline 0 -19"><span class='ocrx_word' id='word_1_104' title='bbox 539 1651 732 1728; x_wconf 84' lang='lat' dir='ltr'>gente</span> <span class='ocrx_word' id='word_1_105' title='bbox 781 1647 968 1710; x_wconf 88' lang='lat' dir='ltr'>nulla</span> <span class='ocrx_word' id='word_1_106' title='bbox 1015 1645 1238 1711; x_wconf 82' lang='lat' dir='ltr'>Sistris</span> <span class='ocrx_word' id='word_1_107' title='bbox 1287 1645 1506 1729; x_wconf 89' lang='lat' dir='ltr'>aptius</span> <span class='ocrx_word' id='word_1_108' title='bbox 1555 1646 1903 1729; x_wconf 89' lang='lat' dir='ltr'>acriusque</span> <span class='ocrx_word' id='word_1_109' title='bbox 1951 1654 2184 1712; x_wconf 82' lang='lat' dir='ltr'>motat»</span> <span class='ocrx_word' id='word_1_110' title='bbox 2242 1649 2307 1709; x_wconf 90' lang='lat' dir='ltr'>et</span> <span class='ocrx_word' id='word_1_111' title='bbox 2354 1648 2459 1723; x_wconf 73' lang='lat'>27,</span> <span class='ocrx_word' id='word_1_112' title='bbox 2513 1647 2723 1711; x_wconf 70' lang='lat'><strong>1—-22</strong></span> <span class='ocrx_word' id='word_1_113' title='bbox 2782 1647 2993 1711; x_wconf 88' lang='lat' dir='ltr'>«Deli-</span> 
     </span>
    </p>
   </div>
   <div class='ocr_carea' id='block_1_3' title="bbox 426 1751 2990 1837">
    <p class='ocr_par' dir='ltr' id='par_1_3' title="bbox 426 1751 2990 1837">
     <span class='ocr_line' id='line_1_13' title="bbox 426 1751 2990 1837; baseline 0 -19"><span class='ocrx_word' id='word_1_114' title='bbox 426 1832 432 1837; x_wconf 30' lang='lat'>,</span> <span class='ocrx_word' id='word_1_115' title='bbox 539 1755 653 1818; x_wconf 86' lang='lat' dir='ltr'>ciae</span> <span class='ocrx_word' id='word_1_116' title='bbox 700 1754 951 1837; x_wconf 91' lang='lat' dir='ltr'>populi,</span> <span class='ocrx_word' id='word_1_117' title='bbox 999 1773 1241 1835; x_wconf 86' lang='lat' dir='ltr'>magno</span> <span class='ocrx_word' id='word_1_118' title='bbox 1287 1751 1636 1817; x_wconf 87' lang='lat' dir='ltr'>notissima</span> <span class='ocrx_word' id='word_1_119' title='bbox 1700 1753 1895 1829; x_wconf 91' lang='lat' dir='ltr'>circo,</span> <span class='ocrx_word' id='word_1_120' title='bbox 1962 1752 2237 1831; x_wconf 82' lang='lat' dir='ltr'>Quintia</span> <span class='ocrx_word' id='word_1_121' title='bbox 2283 1752 2569 1817; x_wconf 84' lang='lat' dir='ltr'>vibratas</span> <span class='ocrx_word' id='word_1_122' title='bbox 2619 1754 2815 1817; x_wconf 90' lang='lat' dir='ltr'>docta</span> <span class='ocrx_word' id='word_1_123' title='bbox 2860 1772 2990 1819; x_wconf 87' lang='lat' dir='ltr'>mo-</span> 
     </span>
    </p>
   </div>
   <div class='ocr_carea' id='block_1_4' title="bbox 528 1860 3001 4402">
    <p class='ocr_par' dir='ltr' id='par_1_4' title="bbox 528 1860 3001 4078">
     <span class='ocr_line' id='line_1_14' title="bbox 537 1860 2992 1935; baseline 0 -10"><span class='ocrx_word' id='word_1_124' title='bbox 537 1880 676 1927; x_wconf 80' lang='lat' dir='ltr'>vere</span> <span class='ocrx_word' id='word_1_125' title='bbox 723 1868 960 1927; x_wconf 77' lang='lat' dir='ltr'>nates.»</span> <span class='ocrx_word' id='word_1_126' title='bbox 1018 1860 1336 1924; x_wconf 79' lang='lat' dir='ltr'>Horatius</span> <span class='ocrx_word' id='word_1_127' title='bbox 1396 1862 1551 1923; x_wconf 90' lang='lat' dir='ltr'>ante</span> <span class='ocrx_word' id='word_1_128' title='bbox 1620 1860 1849 1924; x_wconf 90' lang='lat' dir='ltr'>oculos</span> <span class='ocrx_word' id='word_1_129' title='bbox 1915 1860 2227 1924; x_wconf 83' lang='lat' dir='ltr'>habuisse</span> <span class='ocrx_word' id='word_1_130' title='bbox 2287 1860 2551 1925; x_wconf 81' lang='lat' dir='ltr'>videtur</span> <span class='ocrx_word' id='word_1_131' title='bbox 2597 1860 2832 1926; x_wconf 87' lang='lat' dir='ltr'>Catull.</span> <span class='ocrx_word' id='word_1_132' title='bbox 2893 1862 2992 1935; x_wconf 87' lang='lat'>16,</span> 
     </span>
     <span class='ocr_line' id='line_1_15' title="bbox 547 1964 2995 2049; baseline 0.001 -18"><span class='ocrx_word' id='word_1_133' title='bbox 547 1969 841 2031; x_wconf 74' lang='lat'><strong>10——112</strong></span> <span class='ocrx_word' id='word_1_134' title='bbox 917 1966 1056 2031; x_wconf 86' lang='lat' dir='ltr'>«his</span> <span class='ocrx_word' id='word_1_135' title='bbox 1102 1966 1353 2049; x_wconf 74' lang='lat' dir='ltr'>pilosiS,</span> <span class='ocrx_word' id='word_1_136' title='bbox 1404 1965 1533 2045; x_wconf 82' lang='lat' dir='ltr'>Qui</span> <span class='ocrx_word' id='word_1_137' title='bbox 1603 1966 1805 2031; x_wconf 90' lang='lat' dir='ltr'>duros</span> <span class='ocrx_word' id='word_1_138' title='bbox 1871 1970 2217 2049; x_wconf 89' lang='lat' dir='ltr'>nequeunt</span> <span class='ocrx_word' id='word_1_139' title='bbox 2260 1985 2501 2034; x_wconf 80' lang='lat' dir='ltr'>movere</span> <span class='ocrx_word' id='word_1_140' title='bbox 2548 1964 2851 2035; x_wconf 83' lang='lat' dir='ltr'>lumbos.»</span> <span class='ocrx_word' id='word_1_141' title='bbox 2906 2003 2995 2013; x_wconf 74' lang='lat'>--—</span> 
     </span>
     <span class='ocr_line' id='line_1_16' title="bbox 537 2069 2993 2156; baseline -0 -18"><span class='ocrx_word' id='word_1_142' title='bbox 537 2071 612 2139; x_wconf 78' lang='lat' dir='ltr'>in</span> <span class='ocrx_word' id='word_1_143' title='bbox 656 2069 994 2147; x_wconf 77' lang='lat' dir='ltr'>crocotula,</span> <span class='ocrx_word' id='word_1_144' title='bbox 1062 2078 1240 2138; x_wconf 84' lang='lat' dir='ltr'>veste</span> <span class='ocrx_word' id='word_1_145' title='bbox 1290 2074 1596 2150; x_wconf 82' lang='lat' dir='ltr'>feminea,</span> <span class='ocrx_word' id='word_1_146' title='bbox 1670 2076 1743 2137; x_wconf 89' lang='lat' dir='ltr'>ut</span> <span class='ocrx_word' id='word_1_147' title='bbox 1789 2095 1970 2138; x_wconf 91' lang='lat' dir='ltr'>nunc</span> <span class='ocrx_word' id='word_1_148' title='bbox 2020 2093 2278 2156; x_wconf 90' lang='lat' dir='ltr'>quoque</span> <span class='ocrx_word' id='word_1_149' title='bbox 2342 2074 2409 2137; x_wconf 88' lang='lat' dir='ltr'>in</span> <span class='ocrx_word' id='word_1_150' title='bbox 2461 2072 2993 2156; x_wconf 86' lang='lat' dir='ltr'>ephemeridibus</span> 
     </span>
     <span class='ocr_line' id='line_1_17' title="bbox 537 2179 2990 2263; baseline 0 -20"><span class='ocrx_word' id='word_1_151' title='bbox 537 2200 708 2263; x_wconf 87' lang='lat' dir='ltr'>saepe</span> <span class='ocrx_word' id='word_1_152' title='bbox 779 2181 1057 2262; x_wconf 86' lang='lat' dir='ltr'>legimus</span> <span class='ocrx_word' id='word_1_153' title='bbox 1128 2181 1196 2243; x_wconf 91' lang='lat' dir='ltr'>in</span> <span class='ocrx_word' id='word_1_154' title='bbox 1270 2179 1706 2244; x_wconf 86' lang='lat' dir='ltr'>conventibus</span> <span class='ocrx_word' id='word_1_155' title='bbox 1779 2179 2152 2257; x_wconf 90' lang='lat' dir='ltr'>hominum,</span> <span class='ocrx_word' id='word_1_156' title='bbox 2226 2179 2339 2263; x_wconf 90' lang='lat' dir='ltr'>qui</span> <span class='ocrx_word' id='word_1_157' title='bbox 2407 2200 2588 2243; x_wconf 89' lang='lat' dir='ltr'>nunc</span> <span class='ocrx_word' id='word_1_158' title='bbox 2659 2179 2990 2256; x_wconf 86' lang='lat' dir='ltr'>dicuntur,</span> 
     </span>
     <span class='ocr_line' id='line_1_18' title="bbox 535 2281 2991 2369; baseline -0.001 -18"><span class='ocrx_word' id='word_1_159' title='bbox 535 2281 1090 2353; x_wconf 77' lang='lat' dir='ltr'>homosexualium</span> <span class='ocrx_word' id='word_1_160' title='bbox 1136 2306 1376 2369; x_wconf 89' lang='lat' dir='ltr'>pueros</span> <span class='ocrx_word' id='word_1_161' title='bbox 1425 2289 1543 2350; x_wconf 91' lang='lat' dir='ltr'>aut</span> <span class='ocrx_word' id='word_1_162' title='bbox 1587 2287 1861 2351; x_wconf 85' lang='lat' dir='ltr'>iuvenes</span> <span class='ocrx_word' id='word_1_163' title='bbox 1927 2286 2317 2350; x_wconf 90' lang='lat' dir='ltr'>libidinibus</span> <span class='ocrx_word' id='word_1_164' title='bbox 2378 2284 2673 2349; x_wconf 87' lang='lat' dir='ltr'>virorum</span> <span class='ocrx_word' id='word_1_165' title='bbox 2721 2286 2991 2350; x_wconf 87' lang='lat' dir='ltr'>inservi-</span> 
     </span>
     <span class='ocr_line' id='line_1_19' title="bbox 540 2392 2995 2458; baseline 0.001 -4"><span class='ocrx_word' id='word_1_166' title='bbox 540 2395 724 2456; x_wconf 87' lang='lat' dir='ltr'>entes</span> <span class='ocrx_word' id='word_1_167' title='bbox 791 2392 1084 2457; x_wconf 88' lang='lat' dir='ltr'>vestibus</span> <span class='ocrx_word' id='word_1_168' title='bbox 1148 2394 1342 2457; x_wconf 90' lang='lat' dir='ltr'>indui</span> <span class='ocrx_word' id='word_1_169' title='bbox 1406 2393 1613 2457; x_wconf 85' lang='lat' dir='ltr'>solere</span> <span class='ocrx_word' id='word_1_170' title='bbox 1678 2393 2138 2458; x_wconf 84' lang='lat' dir='ltr'>muliebribus.</span> <span class='ocrx_word' id='word_1_171' title='bbox 2212 2393 2491 2458; x_wconf 87' lang='lat' dir='ltr'>Crocota</span> <span class='ocrx_word' id='word_1_172' title='bbox 2556 2397 2697 2458; x_wconf 83' lang='lat' dir='ltr'>erat</span> <span class='ocrx_word' id='word_1_173' title='bbox 2764 2394 2995 2458; x_wconf 88' lang='lat' dir='ltr'>tunica</span> 
     </span>
     <span class='ocr_line' id='line_1_20' title="bbox 536 2498 2989 2583; baseline 0 -22"><span class='ocrx_word' id='word_1_174' title='bbox 536 2500 755 2563; x_wconf 90' lang='lat' dir='ltr'>tenuis</span> <span class='ocrx_word' id='word_1_175' title='bbox 807 2500 1017 2564; x_wconf 87' lang='lat' dir='ltr'>crocei</span> <span class='ocrx_word' id='word_1_176' title='bbox 1065 2501 1302 2564; x_wconf 89' lang='lat' dir='ltr'>coloris</span> <span class='ocrx_word' id='word_1_177' title='bbox 1349 2502 1420 2563; x_wconf 91' lang='lat' dir='ltr'>in</span> <span class='ocrx_word' id='word_1_178' title='bbox 1466 2501 1627 2564; x_wconf 85' lang='lat' dir='ltr'>luxu</span> <span class='ocrx_word' id='word_1_179' title='bbox 1677 2500 2079 2564; x_wconf 87' lang='lat' dir='ltr'>feminarum</span> <span class='ocrx_word' id='word_1_180' title='bbox 2128 2502 2468 2583; x_wconf 89' lang='lat' dir='ltr'>usurpata,</span> <span class='ocrx_word' id='word_1_181' title='bbox 2518 2499 2771 2565; x_wconf 86' lang='lat' dir='ltr'>cinaedo</span> <span class='ocrx_word' id='word_1_182' title='bbox 2803 2498 2989 2563; x_wconf 90' lang='lat' dir='ltr'>Pedi·</span> 
     </span>
     <span class='ocr_line' id='line_1_21' title="bbox 535 2605 2990 2689; baseline 0 -20"><span class='ocrx_word' id='word_1_183' title='bbox 535 2606 668 2670; x_wconf 90' lang='lat' dir='ltr'>atio</span> <span class='ocrx_word' id='word_1_184' title='bbox 718 2628 794 2671; x_wconf 89' lang='lat' dir='ltr'>eo</span> <span class='ocrx_word' id='word_1_185' title='bbox 843 2607 1052 2689; x_wconf 84' lang='lat' dir='ltr'>magis</span> <span class='ocrx_word' id='word_1_186' title='bbox 1099 2608 1520 2685; x_wconf 90' lang='lat' dir='ltr'>conveniens,</span> <span class='ocrx_word' id='word_1_187' title='bbox 1570 2607 1747 2689; x_wconf 93' lang='lat' dir='ltr'>quod</span> <span class='ocrx_word' id='word_1_188' title='bbox 1782 2606 2121 2670; x_wconf 87' lang='lat' dir='ltr'>interdum</span> <span class='ocrx_word' id='word_1_189' title='bbox 2156 2606 2355 2671; x_wconf 91' lang='lat' dir='ltr'>etiam</span> <span class='ocrx_word' id='word_1_190' title='bbox 2392 2605 2586 2682; x_wconf 85' lang='lat' dir='ltr'>Galli,</span> <span class='ocrx_word' id='word_1_191' title='bbox 2621 2607 2990 2671; x_wconf 80' lang='lat' dir='ltr'>sacerdotes</span> 
     </span>
     <span class='ocr_line' id='line_1_22' title="bbox 534 2712 2987 2796; baseline 0 -19"><span class='ocrx_word' id='word_1_192' title='bbox 534 2714 823 2777; x_wconf 88' lang='lat' dir='ltr'>semiviri</span> <span class='ocrx_word' id='word_1_193' title='bbox 888 2713 1184 2796; x_wconf 82' lang='lat' dir='ltr'>Cybeles,</span> <span class='ocrx_word' id='word_1_194' title='bbox 1250 2715 1375 2777; x_wconf 88' lang='lat' dir='ltr'>hac</span> <span class='ocrx_word' id='word_1_195' title='bbox 1444 2719 1622 2777; x_wconf 88' lang='lat' dir='ltr'>veste</span> <span class='ocrx_word' id='word_1_196' title='bbox 1689 2713 2073 2777; x_wconf 89' lang='lat' dir='ltr'>utebantur.</span> <span class='ocrx_word' id='word_1_197' title='bbox 2145 2712 2463 2777; x_wconf 87' lang='lat' dir='ltr'>Horatius</span> <span class='ocrx_word' id='word_1_198' title='bbox 2537 2718 2691 2778; x_wconf 84' lang='lat' dir='ltr'>ante</span> <span class='ocrx_word' id='word_1_199' title='bbox 2759 2714 2987 2778; x_wconf 90' lang='lat' dir='ltr'>oculos</span> 
     </span>
     <span class='ocr_line' id='line_1_23' title="bbox 533 2819 2988 2904; baseline 0 -22"><span class='ocrx_word' id='word_1_200' title='bbox 533 2820 766 2884; x_wconf 91' lang='lat' dir='ltr'>habuit</span> <span class='ocrx_word' id='word_1_201' title='bbox 814 2820 946 2885; x_wconf 87' lang='lat' dir='ltr'>Cic.</span> <span class='ocrx_word' id='word_1_202' title='bbox 994 2821 1092 2885; x_wconf 92' lang='lat' dir='ltr'>De</span> <span class='ocrx_word' id='word_1_203' title='bbox 1143 2822 1410 2904; x_wconf 88' lang='lat' dir='ltr'>harusp.</span> <span class='ocrx_word' id='word_1_204' title='bbox 1459 2841 1628 2903; x_wconf 89' lang='lat' dir='ltr'>resp.</span> <span class='ocrx_word' id='word_1_205' title='bbox 1680 2820 1785 2895; x_wconf 68' lang='lat'>21,</span> <span class='ocrx_word' id='word_1_206' title='bbox 1836 2820 1942 2884; x_wconf 92' lang='lat'>44.</span> <span class='ocrx_word' id='word_1_207' title='bbox 1991 2820 2095 2900; x_wconf 92' lang='lat' dir='ltr'>(de</span> <span class='ocrx_word' id='word_1_208' title='bbox 2164 2819 2397 2885; x_wconf 87' lang='lat' dir='ltr'>Clodio</span> <span class='ocrx_word' id='word_1_209' title='bbox 2452 2824 2631 2884; x_wconf 83' lang='lat' dir='ltr'>veste</span> <span class='ocrx_word' id='word_1_210' title='bbox 2679 2820 2988 2885; x_wconf 88' lang='lat' dir='ltr'>muliebri</span> 
     </span>
     <span class='ocr_line' id='line_1_24' title="bbox 530 2927 2987 3011; baseline 0.001 -20"><span class='ocrx_word' id='word_1_211' title='bbox 530 2927 767 2993; x_wconf 88' lang='lat' dir='ltr'>induto</span> <span class='ocrx_word' id='word_1_212' title='bbox 815 2928 885 2992; x_wconf 88' lang='lat' dir='ltr'>in</span> <span class='ocrx_word' id='word_1_213' title='bbox 933 2929 1257 3011; x_wconf 87' lang='lat' dir='ltr'>templum</span> <span class='ocrx_word' id='word_1_214' title='bbox 1304 2929 1509 3008; x_wconf 86' lang='lat' dir='ltr'>Bonae</span> <span class='ocrx_word' id='word_1_215' title='bbox 1558 2930 1712 2993; x_wconf 85' lang='lat' dir='ltr'>Deae</span> <span class='ocrx_word' id='word_1_216' title='bbox 1759 2929 2147 3011; x_wconf 89' lang='lat' dir='ltr'>irrepente):</span> <span class='ocrx_word' id='word_1_217' title='bbox 2208 2930 2311 2993; x_wconf 89' lang='lat' dir='ltr'>«P.</span> <span class='ocrx_word' id='word_1_218' title='bbox 2346 2928 2617 2994; x_wconf 87' lang='lat' dir='ltr'>Clodius</span> <span class='ocrx_word' id='word_1_219' title='bbox 2648 2948 2688 2992; x_wconf 83' lang='lat' dir='ltr'>a</span> <span class='ocrx_word' id='word_1_220' title='bbox 2718 2937 2987 3003; x_wconf 85' lang='lat' dir='ltr'>crocota‚</span> 
     </span>
     <span class='ocr_line' id='line_1_25' title="bbox 533 3034 2990 3119; baseline 0 -20"><span class='ocrx_word' id='word_1_221' title='bbox 533 3056 571 3098; x_wconf 92' lang='lat' dir='ltr'>a</span> <span class='ocrx_word' id='word_1_222' title='bbox 618 3036 836 3110; x_wconf 89' lang='lat' dir='ltr'>mitra,</span> <span class='ocrx_word' id='word_1_223' title='bbox 887 3055 927 3099; x_wconf 88' lang='lat' dir='ltr'>a</span> <span class='ocrx_word' id='word_1_224' title='bbox 974 3034 1411 3099; x_wconf 88' lang='lat' dir='ltr'>muliebribus</span> <span class='ocrx_word' id='word_1_225' title='bbox 1459 3034 1652 3098; x_wconf 89' lang='lat' dir='ltr'>soleis</span> <span class='ocrx_word' id='word_1_226' title='bbox 1699 3034 2181 3117; x_wconf 88' lang='lat' dir='ltr'>purpureisque</span> <span class='ocrx_word' id='word_1_227' title='bbox 2214 3036 2520 3111; x_wconf 77' lang='lat' dir='ltr'>fascioliS,</span> <span class='ocrx_word' id='word_1_228' title='bbox 2554 3055 2595 3099; x_wconf 88' lang='lat' dir='ltr'>a</span> <span class='ocrx_word' id='word_1_229' title='bbox 2627 3039 2856 3119; x_wconf 89' lang='lat' dir='ltr'>stupro</span> <span class='ocrx_word' id='word_1_230' title='bbox 2890 3039 2990 3100; x_wconf 88' lang='lat' dir='ltr'>est</span> 
     </span>
     <span class='ocr_line' id='line_1_26' title="bbox 531 3140 2985 3225; baseline 0 -20"><span class='ocrx_word' id='word_1_231' title='bbox 531 3144 747 3206; x_wconf 86' lang='lat' dir='ltr'>factus</span> <span class='ocrx_word' id='word_1_232' title='bbox 792 3146 1064 3225; x_wconf 90' lang='lat' dir='ltr'>repente</span> <span class='ocrx_word' id='word_1_233' title='bbox 1110 3141 1511 3224; x_wconf 89' lang='lat' dir='ltr'>popularis.»</span> <span class='ocrx_word' id='word_1_234' title='bbox 1567 3140 1790 3204; x_wconf 88' lang='lat' dir='ltr'>Etiam</span> <span class='ocrx_word' id='word_1_235' title='bbox 1839 3142 2068 3205; x_wconf 86' lang='lat' dir='ltr'>Iuven.</span> <span class='ocrx_word' id='word_1_236' title='bbox 2127 3142 2187 3215; x_wconf 75' lang='lat'>92,</span> <span class='ocrx_word' id='word_1_237' title='bbox 2238 3143 2343 3205; x_wconf 83' lang='lat'>97.</span> <span class='ocrx_word' id='word_1_238' title='bbox 2395 3141 2554 3205; x_wconf 87' lang='lat' dir='ltr'>dicit</span> <span class='ocrx_word' id='word_1_239' title='bbox 2602 3142 2683 3205; x_wconf 90' lang='lat' dir='ltr'>de</span> <span class='ocrx_word' id='word_1_240' title='bbox 2733 3141 2985 3207; x_wconf 65' lang='lat' dir='ltr'>cina’do</span> 
     </span>
     <span class='ocr_line' id='line_1_27' title="bbox 531 3245 2984 3329; baseline -0 -17"><span class='ocrx_word' id='word_1_241' title='bbox 531 3248 784 3324; x_wconf 88' lang='lat' dir='ltr'>Bonam</span> <span class='ocrx_word' id='word_1_242' title='bbox 837 3247 1048 3311; x_wconf 87' lang='lat' dir='ltr'>Deam</span> <span class='ocrx_word' id='word_1_243' title='bbox 1109 3247 1520 3311; x_wconf 79' lang='lat' dir='ltr'>celebrante:</span> <span class='ocrx_word' id='word_1_244' title='bbox 1595 3245 1929 3310; x_wconf 85' lang='lat' dir='ltr'>«Caerulea</span> <span class='ocrx_word' id='word_1_245' title='bbox 1974 3246 2251 3311; x_wconf 89' lang='lat' dir='ltr'>indutus</span> <span class='ocrx_word' id='word_1_246' title='bbox 2310 3247 2643 3311; x_wconf 86' lang='lat' dir='ltr'>scutulata</span> <span class='ocrx_word' id='word_1_247' title='bbox 2688 3250 2807 3312; x_wconf 92' lang='lat' dir='ltr'>aut</span> <span class='ocrx_word' id='word_1_248' title='bbox 2851 3248 2984 3329; x_wconf 86' lang='lat' dir='ltr'>gal·</span> 
     </span>
     <span class='ocr_line' id='line_1_28' title="bbox 530 3340 2987 3435; baseline -0 -17"><span class='ocrx_word' id='word_1_249' title='bbox 530 3355 689 3418; x_wconf 91' lang='lat' dir='ltr'>bina</span> <span class='ocrx_word' id='word_1_250' title='bbox 735 3340 940 3420; x_wconf 82' lang='lat' dir='ltr'>rasa.»</span> <span class='ocrx_word' id='word_1_251' title='bbox 995 3392 1082 3397; x_wconf 90' lang='lat'>——</span> <span class='ocrx_word' id='word_1_252' title='bbox 1129 3349 1468 3430; x_wconf 80' lang='lat' dir='ltr'>crocotula,</span> <span class='ocrx_word' id='word_1_253' title='bbox 1516 3353 1800 3415; x_wconf 83' lang='lat' dir='ltr'>formam</span> <span class='ocrx_word' id='word_1_254' title='bbox 1842 3351 2322 3418; x_wconf 87' lang='lat' dir='ltr'>deminutivam</span> <span class='ocrx_word' id='word_1_255' title='bbox 2356 3353 2639 3435; x_wconf 90' lang='lat' dir='ltr'>sumpsit</span> <span class='ocrx_word' id='word_1_256' title='bbox 2668 3351 2987 3417; x_wconf 87' lang='lat' dir='ltr'>Horatius</span> 
     </span>
     <span class='ocr_line' id='line_1_29' title="bbox 532 3448 3001 3543; baseline -0.001 -17"><span class='ocrx_word' id='word_1_257' title='bbox 532 3484 607 3526; x_wconf 84' lang='lat' dir='ltr'>ex</span> <span class='ocrx_word' id='word_1_258' title='bbox 653 3461 866 3526; x_wconf 90' lang='lat' dir='ltr'>Plaut.</span> <span class='ocrx_word' id='word_1_259' title='bbox 914 3459 1110 3543; x_wconf 86' lang='lat' dir='ltr'>Epid.</span> <span class='ocrx_word' id='word_1_260' title='bbox 1158 3460 1242 3522; x_wconf 90' lang='lat' dir='ltr'>II.</span> <span class='ocrx_word' id='word_1_261' title='bbox 1295 3459 1354 3536; x_wconf 71' lang='lat'>2,</span> <span class='ocrx_word' id='word_1_262' title='bbox 1407 3460 1515 3521; x_wconf 82' lang='lat'>45.</span> <span class='ocrx_word' id='word_1_263' title='bbox 1564 3479 1725 3541; x_wconf 72' lang='lat' dir='ltr'>sqq„</span> <span class='ocrx_word' id='word_1_264' title='bbox 1776 3459 1895 3522; x_wconf 91' lang='lat' dir='ltr'>ubi</span> <span class='ocrx_word' id='word_1_265' title='bbox 1942 3459 2159 3541; x_wconf 87' lang='lat' dir='ltr'>agitur</span> <span class='ocrx_word' id='word_1_266' title='bbox 2206 3459 2287 3523; x_wconf 89' lang='lat' dir='ltr'>de</span> <span class='ocrx_word' id='word_1_267' title='bbox 2334 3460 2494 3522; x_wconf 85' lang='lat' dir='ltr'>luxu</span> <span class='ocrx_word' id='word_1_268' title='bbox 2544 3448 3001 3524; x_wconf 56' lang='lat' dir='ltr'>feminarum:⁴</span> 
     </span>
     <span class='ocr_line' id='line_1_30' title="bbox 540 3564 2985 3649; baseline 0.002 -24"><span class='ocrx_word' id='word_1_269' title='bbox 540 3567 750 3647; x_wconf 84' lang='lat' dir='ltr'>«Quid</span> <span class='ocrx_word' id='word_1_270' title='bbox 783 3568 945 3641; x_wconf 83' lang='lat' dir='ltr'>istae,</span> <span class='ocrx_word' id='word_1_271' title='bbox 966 3587 1112 3649; x_wconf 85' lang='lat' dir='ltr'>quae</span> <span class='ocrx_word' id='word_1_272' title='bbox 1145 3566 1350 3629; x_wconf 83' lang='lat' dir='ltr'>vestei</span> <span class='ocrx_word' id='word_1_273' title='bbox 1376 3565 1735 3647; x_wconf 87' lang='lat' dir='ltr'>quotannis</span> <span class='ocrx_word' id='word_1_274' title='bbox 1761 3564 2039 3629; x_wconf 91' lang='lat' dir='ltr'>nomina</span> <span class='ocrx_word' id='word_1_275' title='bbox 2058 3565 2409 3630; x_wconf 87' lang='lat' dir='ltr'>inveniunt</span> <span class='ocrx_word' id='word_1_276' title='bbox 2427 3568 2631 3630; x_wconf 83' lang='lat' dir='ltr'>nova!</span> <span class='ocrx_word' id='word_1_277' title='bbox 2665 3567 2985 3631; x_wconf 90' lang='lat' dir='ltr'>Tunicam</span> 
     </span>
     <span class='ocr_line' id='line_1_31' title="bbox 529 3670 2983 3757; baseline -0 -20"><span class='ocrx_word' id='word_1_278' title='bbox 529 3674 783 3750; x_wconf 87' lang='lat' dir='ltr'>rallam,</span> <span class='ocrx_word' id='word_1_279' title='bbox 820 3672 1118 3737; x_wconf 89' lang='lat' dir='ltr'>tunicam</span> <span class='ocrx_word' id='word_1_280' title='bbox 1153 3671 1452 3754; x_wconf 87' lang='lat' dir='ltr'>spissam,</span> <span class='ocrx_word' id='word_1_281' title='bbox 1478 3671 1807 3734; x_wconf 90' lang='lat' dir='ltr'>luteolum</span> <span class='ocrx_word' id='word_1_282' title='bbox 1842 3670 2191 3747; x_wconf 85' lang='lat' dir='ltr'>caesicium,</span> <span class='ocrx_word' id='word_1_283' title='bbox 2225 3671 2669 3750; x_wconf 91' lang='lat' dir='ltr'>Indusiatum,</span> <span class='ocrx_word' id='word_1_284' title='bbox 2700 3674 2983 3757; x_wconf 84' lang='lat' dir='ltr'>patagir-</span> 
     </span>
     <span class='ocr_line' id='line_1_32' title="bbox 528 3774 2985 3866; baseline -0.001 -23"><span class='ocrx_word' id='word_1_285' title='bbox 528 3783 687 3854; x_wconf 90' lang='lat' dir='ltr'>tam,</span> <span class='ocrx_word' id='word_1_286' title='bbox 737 3778 1051 3843; x_wconf 85' lang='lat' dir='ltr'>caltulam</span> <span class='ocrx_word' id='word_1_287' title='bbox 1105 3782 1221 3841; x_wconf 87' lang='lat' dir='ltr'>aut</span> <span class='ocrx_word' id='word_1_288' title='bbox 1284 3774 1725 3844; x_wconf 82' lang='lat' dir='ltr'>crocotulam.»</span> <span class='ocrx_word' id='word_1_289' title='bbox 1782 3814 1872 3821; x_wconf 84' lang='lat'><strong>—</strong></span> <span class='ocrx_word' id='word_1_290' title='bbox 1911 3775 2169 3866; x_wconf 80' lang='lat' dir='ltr'>prensis</span> <span class='ocrx_word' id='word_1_291' title='bbox 2202 3826 2217 3841; x_wconf 94' lang='lat'>.</span> <span class='ocrx_word' id='word_1_292' title='bbox 2255 3827 2270 3842; x_wconf 97' lang='lat'>.</span> <span class='ocrx_word' id='word_1_293' title='bbox 2308 3826 2323 3840; x_wconf 96' lang='lat'>.</span> <span class='ocrx_word' id='word_1_294' title='bbox 2359 3774 2697 3855; x_wconf 81' lang='lat' dir='ltr'>altaribus,</span> <span class='ocrx_word' id='word_1_295' title='bbox 2748 3778 2985 3843; x_wconf 83' lang='lat' dir='ltr'>cinaedi</span> 
     </span>
     <span class='ocr_line' id='line_1_33' title="bbox 528 3885 2983 3970; baseline -0 -20"><span class='ocrx_word' id='word_1_296' title='bbox 528 3887 714 3969; x_wconf 90' lang='lat' dir='ltr'>prius</span> <span class='ocrx_word' id='word_1_297' title='bbox 759 3892 1104 3970; x_wconf 87' lang='lat' dir='ltr'>precantes</span> <span class='ocrx_word' id='word_1_298' title='bbox 1151 3889 1437 3967; x_wconf 87' lang='lat' dir='ltr'>tangunt</span> <span class='ocrx_word' id='word_1_299' title='bbox 1483 3906 1685 3960; x_wconf 90' lang='lat' dir='ltr'>aram,</span> <span class='ocrx_word' id='word_1_300' title='bbox 1739 3886 1977 3950; x_wconf 89' lang='lat' dir='ltr'>deinde</span> <span class='ocrx_word' id='word_1_301' title='bbox 2028 3887 2267 3951; x_wconf 85' lang='lat' dir='ltr'>saltare</span> <span class='ocrx_word' id='word_1_302' title='bbox 2321 3886 2671 3969; x_wconf 91' lang='lat' dir='ltr'>incipiunt.</span> <span class='ocrx_word' id='word_1_303' title='bbox 2717 3885 2812 3951; x_wconf 80' lang='lat' dir='ltr'>Of.</span> <span class='ocrx_word' id='word_1_304' title='bbox 2865 3886 2983 3951; x_wconf 90' lang='lat' dir='ltr'>Ov.</span> 
     </span>
     <span class='ocr_line' id='line_1_34' title="bbox 528 3994 2973 4078; baseline 0 -20"><span class='ocrx_word' id='word_1_305' title='bbox 528 3996 673 4058; x_wconf 91' lang='lat' dir='ltr'>Am.</span> <span class='ocrx_word' id='word_1_306' title='bbox 708 3994 760 4057; x_wconf 93' lang='lat' dir='ltr'>I.</span> <span class='ocrx_word' id='word_1_307' title='bbox 793 3995 854 4069; x_wconf 90' lang='lat'>4,</span> <span class='ocrx_word' id='word_1_308' title='bbox 883 3995 999 4057; x_wconf 66' lang='lat'>27:</span> <span class='ocrx_word' id='word_1_309' title='bbox 1043 3995 1296 4075; x_wconf 83' lang='lat' dir='ltr'>«Tange</span> <span class='ocrx_word' id='word_1_310' title='bbox 1321 4013 1528 4057; x_wconf 90' lang='lat' dir='ltr'>manu</span> <span class='ocrx_word' id='word_1_311' title='bbox 1555 4014 1875 4070; x_wconf 88' lang='lat' dir='ltr'>mensam,</span> <span class='ocrx_word' id='word_1_312' title='bbox 1903 3997 2187 4076; x_wconf 87' lang='lat' dir='ltr'>tangunt</span> <span class='ocrx_word' id='word_1_313' title='bbox 2211 4015 2341 4078; x_wconf 91' lang='lat' dir='ltr'>quo</span> <span class='ocrx_word' id='word_1_314' title='bbox 2366 4014 2548 4058; x_wconf 92' lang='lat' dir='ltr'>more</span> <span class='ocrx_word' id='word_1_315' title='bbox 2572 3998 2973 4077; x_wconf 75' lang='lat' dir='ltr'>precantes.»</span> 
     </span>
    </p>

    <p class='ocr_par' dir='ltr' id='par_1_5' title="bbox 528 4096 2982 4402">
     <span class='ocr_line' id='line_1_35' title="bbox 741 4096 2980 4190; baseline -0 -24"><span class='ocrx_word' id='word_1_316' title='bbox 741 4102 817 4166; x_wconf 94' lang='lat' dir='ltr'>V.</span> <span class='ocrx_word' id='word_1_317' title='bbox 869 4101 1150 4165; x_wconf 72' lang='lat'>23—926.</span> <span class='ocrx_word' id='word_1_318' title='bbox 1201 4096 1605 4190; x_wconf 77' lang='lat' dir='ltr'>Flavumquc</span> <span class='ocrx_word' id='word_1_319' title='bbox 1639 4152 1654 4164; x_wconf 94' lang='lat'>.</span> <span class='ocrx_word' id='word_1_320' title='bbox 1693 4152 1707 4165; x_wconf 90' lang='lat'>.</span> <span class='ocrx_word' id='word_1_321' title='bbox 1744 4152 1759 4166; x_wconf 93' lang='lat'>.</span> <span class='ocrx_word' id='word_1_322' title='bbox 1800 4096 2133 4187; x_wconf 75' lang='lat' dir='ltr'>Thybrim,</span> <span class='ocrx_word' id='word_1_323' title='bbox 2187 4105 2261 4165; x_wconf 93' lang='lat' dir='ltr'>ut</span> <span class='ocrx_word' id='word_1_324' title='bbox 2305 4102 2466 4166; x_wconf 92' lang='lat' dir='ltr'>Hor.</span> <span class='ocrx_word' id='word_1_325' title='bbox 2518 4101 2732 4166; x_wconf 84' lang='lat' dir='ltr'>Garm.</span> <span class='ocrx_word' id='word_1_326' title='bbox 2802 4101 2853 4167; x_wconf 94' lang='grc' dir='ltr'>Ι.</span> <span class='ocrx_word' id='word_1_327' title='bbox 2921 4104 2980 4179; x_wconf 69' lang='lat'>2,</span> 
     </span>
     <span class='ocr_line' id='line_1_36' title="bbox 536 4206 2980 4293; baseline 0 -23"><span class='ocrx_word' id='word_1_328' title='bbox 536 4209 654 4271; x_wconf 83' lang='lat'>13:</span> <span class='ocrx_word' id='word_1_329' title='bbox 711 4206 995 4271; x_wconf 87' lang='lat' dir='ltr'>«flavum</span> <span class='ocrx_word' id='word_1_330' title='bbox 1043 4208 1365 4273; x_wconf 83' lang='lat' dir='ltr'>Tiberim»</span> <span class='ocrx_word' id='word_1_331' title='bbox 1423 4214 1489 4273; x_wconf 90' lang='lat' dir='ltr'>et</span> <span class='ocrx_word' id='word_1_332' title='bbox 1534 4209 1619 4272; x_wconf 92' lang='lat' dir='ltr'>II.</span> <span class='ocrx_word' id='word_1_333' title='bbox 1671 4209 1730 4283; x_wconf 86' lang='lat'>3,</span> <span class='ocrx_word' id='word_1_334' title='bbox 1788 4210 1905 4273; x_wconf 89' lang='lat'>18:</span> <span class='ocrx_word' id='word_1_335' title='bbox 1964 4208 2301 4291; x_wconf 90' lang='lat' dir='ltr'>«Villaque</span> <span class='ocrx_word' id='word_1_336' title='bbox 2365 4207 2577 4272; x_wconf 88' lang='lat' dir='ltr'>flavus</span> <span class='ocrx_word' id='word_1_337' title='bbox 2626 4228 2829 4293; x_wconf 86' lang='lat' dir='ltr'>quam</span> <span class='ocrx_word' id='word_1_338' title='bbox 2878 4209 2980 4271; x_wconf 91' lang='lat' dir='ltr'>Ti-</span> 
     </span>
     <span class='ocr_line' id='line_1_37' title="bbox 528 4309 2982 4402; baseline 0.002 -27"><span class='ocrx_word' id='word_1_339' title='bbox 528 4312 700 4376; x_wconf 87' lang='lat' dir='ltr'>beris</span> <span class='ocrx_word' id='word_1_340' title='bbox 769 4312 987 4377; x_wconf 83' lang='lat' dir='ltr'>lavit.»</span> <span class='ocrx_word' id='word_1_341' title='bbox 1043 4351 1131 4357; x_wconf 81' lang='lat'>——</span> <span class='ocrx_word' id='word_1_342' title='bbox 1168 4322 1435 4402; x_wconf 71' lang='lat' dir='ltr'>propter</span> <span class='ocrx_word' id='word_1_343' title='bbox 1505 4309 1839 4399; x_wconf 77' lang='lat' dir='ltr'>Thybrim,</span> <span class='ocrx_word' id='word_1_344' title='bbox 1906 4315 1990 4377; x_wconf 90' lang='lat' dir='ltr'>ad</span> <span class='ocrx_word' id='word_1_345' title='bbox 2054 4314 2361 4391; x_wconf 87' lang='lat' dir='ltr'>Tiberim,</span> <span class='ocrx_word' id='word_1_346' title='bbox 2428 4319 2505 4379; x_wconf 88' lang='lat' dir='ltr'>ut</span> <span class='ocrx_word' id='word_1_347' title='bbox 2567 4316 2827 4380; x_wconf 87' lang='lat' dir='ltr'>Lucret.</span> <span class='ocrx_word' id='word_1_348' title='bbox 2894 4315 2982 4379; x_wconf 84' lang='lat' dir='ltr'>II..</span> 
     </span>
    </p>
   </div>
   <div class='ocr_carea' id='block_1_5' title="bbox 535 4464 959 4473">
    <p class='ocr_par' dir='ltr' id='par_1_6' title="bbox 535 4464 959 4473">
     <span class='ocr_line' id='line_1_38' title="bbox 535 4464 959 4473; baseline 0 911"><span class='ocrx_word' id='word_1_349' title='bbox 535 4464 959 4473; x_wconf 95' lang='lat' dir='ltr'> </span> 
     </span>
    </p>
   </div>
   <div class='ocr_carea' id='block_1_6' title="bbox 743 4542 2982 4705">
    <p class='ocr_par' dir='ltr' id='par_1_7' title="bbox 743 4542 2982 4705">
     <span class='ocr_line' id='line_1_39' title="bbox 743 4542 2982 4613; baseline 0.002 -20"><span class='ocrx_word' id='word_1_350' title='bbox 743 4542 796 4608; x_wconf 84' lang='lat'>*)</span> <span class='ocrx_word' id='word_1_351' title='bbox 823 4542 914 4594; x_wconf 84' lang='lat' dir='ltr'>Ita</span> <span class='ocrx_word' id='word_1_352' title='bbox 943 4545 1264 4596; x_wconf 85' lang='lat' dir='ltr'>rectissime</span> <span class='ocrx_word' id='word_1_353' title='bbox 1294 4546 1528 4613; x_wconf 84' lang='lat' dir='ltr'>scripsit</span> <span class='ocrx_word' id='word_1_354' title='bbox 1551 4545 1915 4597; x_wconf 82' lang='lat' dir='ltr'>Fritzschius</span> <span class='ocrx_word' id='word_1_355' title='bbox 1940 4561 2048 4613; x_wconf 90' lang='lat' dir='ltr'>pro</span> <span class='ocrx_word' id='word_1_356' title='bbox 2074 4543 2320 4597; x_wconf 86' lang='lat' dir='ltr'>tradito:</span> <span class='ocrx_word' id='word_1_357' title='bbox 2364 4544 2455 4595; x_wconf 75' lang='grc' dir='ltr'>Καὶ</span> <span class='ocrx_word' id='word_1_358' title='bbox 2480 4544 2659 4603; x_wconf 69' lang='grc' dir='ltr'>πείθεις</span> <span class='ocrx_word' id='word_1_359' title='bbox 2686 4542 2787 4595; x_wconf 80' lang='grc' dir='ltr'>ἄνω</span> <span class='ocrx_word' id='word_1_360' title='bbox 2816 4542 2982 4608; x_wconf 79' lang='grc' dir='ltr'><strong>σκέλη.</strong></span> 
     </span>
     <span class='ocr_line' id='line_1_40' title="bbox 1701 4652 1806 4705; baseline -0.019 0"><span class='ocrx_word' id='word_1_361' title='bbox 1701 4652 1806 4705; x_wconf 70' lang='lat'>3⁶29</span> 
     </span>
    </p>
   </div>
  </div>
 </body>
</html>
