3525 5384
547 447 649 511 .16
1492 466 1694 511 emm
1741 451 2077 511 unimur.

560 640 692 708 tari
735 638 941 727 freta,
1008 643 1082 705 ut
1150 641 1309 704 olim
1373 645 1451 718 (a.
1519 642 1627 704 42.
1695 663 1754 704 a.
1823 640 1999 707 Chr..
2026 648 2117 719 n.)
2164 641 2339 706 bello
2403 641 2837 725 Philippensi,
2888 662 3018 725 quo

559 748 785 813 classis
832 748 1023 813 Bruti
1070 749 1421 812 stationem
1453 747 1743 812 habebat
1774 749 2070 833 Neapoli,
2106 750 2177 812 in
2208 751 2406 831 portu
2438 748 2923 832 Philipporum,
2958 752 3024 813 et

558 860 878 939 perpetuo
927 854 1282 936 navigabat
1327 855 1501 918 inter
1547 854 1728 919 hunc
1794 858 2062 939 portum
2111 859 2177 921 et
2222 855 2512 919 insulam
2574 854 2792 930 Thasi,
2840 855 3021 919 unde

561 965 972 1027 commeatus
1037 962 1264 1025 castris
1329 962 1853 1026 advehebantur.
1920 962 2197 1027 Videtur
2262 962 2462 1044 igitur
2518 960 2837 1027 Horatius
2883 983 3023 1027 una

560 1090 713 1134 cum
759 1069 1075 1152 Pompeio
1125 1067 1297 1133 Varo
1348 1067 1761 1150 aliquamdiu
1813 1070 2345 1153 expeditionibus
2377 1070 2745 1143 maritimis,
2782 1069 3017 1134 deinde

557 1177 627 1240 in
675 1181 921 1241 terram
985 1196 1284 1257 egressus
1349 1196 1588 1258 pugnae
1636 1176 1889 1240 ultimae
1946 1176 2359 1259 Philippensi
2404 1177 2821 1252 interfuisse3
2871 1180 3022 1261 post

558 1284 816 1347 cladem
863 1286 1088 1346 autem
1121 1287 1461 1365 acceptam
1494 1280 1813 1346 Horatius
1846 1303 1913 1347 se
1954 1282 2208 1348 dedidit
2240 1282 2619 1359 octaviane,
2667 1283 3019 1370 Pompeius

557 1390 768 1455 Varus
816 1411 933 1472 per
978 1409 1158 1453 mare
1227 1389 1545 1471 effugiens
1595 1390 1793 1455 Sexto
1839 1391 2154 1473 Pompeio
2223 1410 2289 1453 se
2341 1390 2655 1454 adiunxit.
2708 1389 2805 1453 Cf.
2854 1391 3017 1454 Hor.

560 1496 777 1561 Carm.
826 1495 909 1561 ΙΙ.
964 1498 1022 1575 7,
1080 1497 1133 1560 1.
1183 1517 1360 1580 sqq.:
1420 1496 1510 1561 «O
1561 1518 1733 1581 saepe
1781 1519 2045 1562 mecum
2094 1502 2357 1581 tempus
2405 1500 2476 1562 in
2530 1497 2844 1562 ultimum
2890 1497 3017 1561 De-

559 1603 754 1667 ducte
787 1605 996 1669 Bruto
1031 1603 1282 1667 militiae
1319 1603 1484 1667 duce
1515 1652 1530 1667 .
1556 1651 1571 1665 .
1595 1654 1610 1667 .
1632 1590 1926 1687 Pompei,
1976 1624 2277 1668 meorum
2323 1604 2533 1688 prime
2568 1603 2896 1667 sodalium
2921 1652 2973 1668 ..
3005 1654 3019 1667 .

559 1711 803 1774 Tecum
849 1710 1193 1793 Philippos
1243 1715 1309 1775 et
1355 1712 1634 1775 celerem
1683 1712 1910 1791 fugam
1944 1710 2138 1775 Sensi
2178 1760 2195 1774 .
2230 1760 2245 1775 .
2280 1761 2295 1775 .
2339 1709 2470 1775 Sed
2500 1731 2607 1774 me
2638 1729 2757 1793 per
2793 1709 3019 1774 hostes

557 1817 928 1882 Mercurius
989 1818 1163 1881 celer
1225 1820 1450 1884 Denso
1515 1824 1873 1902 paventem
1944 1818 2219 1881 sustulit
2263 1836 2452 1882 aere:
2524 1818 2611 1881 Te
2675 1837 2905 1881 rursus
2950 1816 3019 1879 in

557 1925 809 1989 bellum
873 1921 1202 1991 resorbens
1269 1920 1468 1991 Unda
1532 1926 1715 1989 fretis
1784 1925 1943 1988 tulit
1990 1924 2347 1989 aestuosis.»
2406 1924 2576 2006 Ergo
2625 1924 3018 2007 Pompeium

556 2027 874 2097 resorbuit
919 2052 1120 2105 mare,
1171 2034 1215 2097 i.
1266 2054 1321 2097 e.
1369 2034 1612 2097 iterum
1675 2033 2065 2097 conscendit
2128 2053 2387 2109 navem,
2454 2031 2633 2095 unde
2697 2032 2881 2114 prius
2945 2031 3016 2093 in

558 2144 804 2202 terram
873 2160 1172 2220 egressus
1241 2144 1417 2217 erat;
1487 2146 1718 2205 contra
1784 2140 2104 2205 Horatius
2173 2161 2307 2205 non
2370 2140 2591 2222 potuit
2636 2142 2754 2203 aut
2800 2139 3020 2204 noluit

560 2244 840 2335 effugere
889 2266 968 2309 ex
1012 2266 1239 2327 pugna
1283 2246 1709 2331 Philippensi,
1761 2250 1838 2309 ut
1869 2246 1987 2323 illi,
2023 2247 2103 2310 de
2140 2247 2380 2329 quibus
2413 2246 2557 2311 CaS.
2592 2248 2719 2312 Dio
2752 2246 3014 2311 XLVII.

559 2353 681 2416 49:
732 2350 828 2415 ἐπὶ
876 2355 982 2438 τὴν
1047 2354 1384 2417 θάλασσαν
1450 2354 1732 2439 διέφυγον
1798 2357 1903 2418 καὶ
1972 2357 2125 2439 μετὰ
2188 2363 2361 2418 τοῦτο
2410 2365 2495 2437 τῷ
2546 2352 2742 2435 Σέξτῳ
2798 2358 3015 2436 προσέ-

555 2461 757 2521 θεντο.
827 2456 1134 2521 Ceterum
1199 2458 1555 2522 Horatium
1623 2460 1824 2522 etiam
1889 2460 1958 2522 in
2031 2460 2222 2523 classi
2293 2460 2612 2525 meruisse
2678 2461 2894 2524 elucet
2940 2480 3017 2523 ex

557 2564 771 2629 Carm.
820 2564 907 2628 ΙΙ.
958 2564 1018 2639 6,
1069 2564 1282 2628 5—7:
1341 2564 1579 2629 «Tibur
1625 2567 1837 2647 Argeo
1886 2567 2177 2649 positum
2227 2568 2465 2631 colono
2500 2566 2599 2630 Sit
2631 2587 2794 2631 mese
2827 2566 3014 2630 sedes

554 2672 816 2735 utinam
865 2675 1168 2748 senectae,
1218 2671 1318 2736 Sit
1365 2673 1604 2738 domus
1653 2669 1824 2739 lasso
1871 2668 2133 2739 maria»
2190 2711 2277 2718 —-
2323 2672 2563 2740 vectari
2601 2669 2789 2749 freta,
2824 2693 3012 2738 accu-

556 2778 824 2854 sativuS,
875 2782 952 2841 ut
996 2778 1185 2860 Verg.
1234 2780 1396 2843 Aen.
1445 2780 1562 2843 ΙΙΙ.
1621 2781 1777 2843 191:
1852 2783 2278 2861 «vastumque
2344 2800 2505 2844 cava
2568 2780 2752 2845 trabe
2814 2779 3014 2844 curri·
3062 2772 3083 2787 '

557 2906 709 2948 mus
758 2904 1036 2967 aequor.»

771 2992 845 3053 V.
899 2993 1092 3056 3—4.
1143 2987 1280 3057 Nec
1305 2986 1488 3077 ferre
1533 2988 1776 3058 durum
1805 2988 2037 3079 vsi-iqus
2084 3002 2201 3057 aut
2248 3001 2491 3059 aestum
2526 2992 2697 3083 pati,
2750 3014 3014 3057 versum

553 3103 706 3162 ante
775 3100 1001 3163 oculos
1067 3098 1378 3162 habuisse
1440 3099 1702 3163 videtur
1759 3104 1993 3165 auctor
2040 3098 2250 3164 Catal.
2314 3101 2851 3182 (Pseudovergil.)
2899 3100 3012 3163 IX.

554 3205 673 3271 45:
732 3206 1216 3269 «Immodera-ta
1261 3206 1401 3288 pati
1449 3206 1580 3269 iam
1629 3208 1871 3289 frigora
1917 3208 2182 3290 iamque
2218 3208 2523 3272 calores.»
2565 3245 2651 3251 —
2690 3204 2819 3273 Nec
2847 3203 3017 3287 ferre

547 3308 792 3377 durum
820 3308 1072 3398 fri9u8‚
1121 3312 1546 3375 referendum
1594 3313 1678 3375 ad
1727 3313 2222 3405 celeberrimam
2276 3314 2467 3378 Bruti
2528 3312 3011 3395 expeditionem

557 3419 907 3483 hibernam
959 3424 1040 3496 (a.
1091 3418 1197 3482 43.
1248 3438 1308 3483 a.
1344 3418 1498 3483 Chr.
1532 3423 1642 3498 n.)‚
1679 3440 1833 3483 cum
1869 3419 2145 3483 Athenis
2178 3420 2511 3501 profectus
2543 3420 2763 3485 media
2794 3421 3011 3483 hieme

552 3548 671 3609 per
715 3526 1006 3609 Illyriam
1058 3527 1414 3590 exercitum
1472 3525 1659 3590 duxit
1721 3526 2134 3609 Dyrrhachio
2198 3548 2407 3610 usque
2456 3527 2541 3590 ad
2590 3528 3012 3610 Apolloniam

552 3633 658 3703 (cf.
708 3633 1042 3697 Plutarch.
1115 3633 1357 3712 Quaest.
1410 3633 1615 3698 Conv.
1664 3634 1775 3697 VI.
1828 3634 1889 3708 8,
1942 3635 2000 3697 2.
2050 3637 2117 3696 et
2160 3633 2344 3697 Brut.
2397 3636 2546 3710 25.»
2595 3635 2712 3698 ubi
2760 3633 2831 3699 C.
2880 3636 3010 3698 An-

550 3739 836 3817 tonium,
887 3739 1214 3803 triumviri
1260 3741 1551 3816 fratrem,
1602 3739 1687 3801 ad
1738 3738 2145 3802 deditionem
2198 3740 2303 3816 (cf.
2355 3740 2637 3823 Appian.
2673 3741 2744 3804 B.
2783 3739 2853 3804 C.
2894 3740 3009 3804 111.

557 3848 686 3923 79.)
757 3846 986 3928 coegit.
1036 3846 1312 3909 Athenis
1382 3847 1594 3909 Bruto
1667 3867 1734 3909 se
1807 3845 2130 3922 adiunxit,
2201 3846 2445 3909 relictis
2506 3845 2745 3909 studiis
2792 3846 3007 3929 philo·

551 3953 821 4035 sophiae,
877 3951 1228 4026 Horatius;
1296 3956 1578 4034 poterat·
1619 3953 1823 4033 igitur
1870 3952 2024 4015 huic
2072 3952 2473 4035 expeditioni
2535 3953 2873 4018 interesse.
2923 3988 3009 3997 --

553 4067 796 4123 aestum
837 4055 1006 4145 pati,
1054 4056 1474 4121 referendum
1523 4058 1606 4121 ad
1657 4059 1910 4121 bellum
1959 4057 2385 4141 Philippense
2434 4062 2657 4123 aestate
2706 4058 2869 4121 anni
2901 4059 3007 4122 42.

552 4185 611 4228 a.
662 4164 814 4228 Chr.
866 4186 931 4228 n.
980 4165 1343 4246 inceptum,
1395 4185 1549 4229 cum
1582 4166 1830 4229 Brutus
1864 4170 1931 4229 et
1963 4165 2227 4229 Cassius
2276 4165 2633 4228 exercitum
2681 4164 3011 4229 duxerunt

553 4270 868 4335 Sardibus
916 4270 1213 4333 terrestri
1260 4271 1498 4334 itinere
1547 4271 1875 4353 Abydum,
1926 4272 2106 4335 unde
2155 4270 2238 4335 ad
2289 4270 2773 4335 Chersonesum
2807 4270 3006 4334 Thra-

551 4378 721 4440 ciam
767 4376 1168 4441 traiicientes
1215 4377 1467 4455 eadem,
1519 4399 1651 4460 qua
1699 4378 1859 4441 olim
1925 4378 2191 4454 XerxeS,
2240 4378 2347 4441 via
2410 4376 2794 4441 brevissimo
2842 4380 3006 4441 tem-

549 4503 705 4565 pore
752 4488 1196 4565 pervenerunt
1259 4484 1638 4567 Philippos:
1686 4486 1767 4549 cf.
1836 4485 2117 4567 Appian.
2162 4484 2241 4547 B.
2308 4484 2377 4549 C.
2427 4485 2535 4549 IV.
2587 4484 2873 4548 87---88.
2920 4520 3007 4527 —

551 4610 738 4655 arma
784 4587 1043 4656 victoris
1089 4588 1286 4681 sequi,
1336 4595 1414 4656 ut
1459 4591 1647 4674 Verg.
1697 4595 1861 4657 Aen.
1911 4593 2029 4671 ΙΙΙ,
2079 4594 2206 4657 54;
2250 4595 2414 4657 «Res
2448 4590 3007 4673 Agamemnonias

1725 4715 1833 4768 3320
