<?xml version="1.0" encoding="UTF-8"?>
<!DOCTYPE html PUBLIC "-//W3C//DTD XHTML 1.0 Transitional//EN"
    "http://www.w3.org/TR/xhtml1/DTD/xhtml1-transitional.dtd">
<html xmlns="http://www.w3.org/1999/xhtml" xml:lang="en" lang="en">
 <head>
  <title>
</title>
<meta http-equiv="Content-Type" content="text/html;charset=utf-8" />
  <meta name='ocr-system' content='tesseract 3.04.00' />
  <meta name='ocr-capabilities' content='ocr_page ocr_carea ocr_par ocr_line ocrx_word'/>
</head>
<body>
  <div class='ocr_page' id='page_1' title='image "./deepodohoratiic00marogoog_0021.png"; bbox 0 0 3525 5384; ppageno 0'>
   <div class='ocr_carea' id='block_1_1' title="bbox 1306 459 2962 525">
    <p class='ocr_par' dir='ltr' id='par_1_1' title="bbox 1306 459 2962 525">
     <span class='ocr_line' id='line_1_1' title="bbox 1306 459 2962 525; baseline -0.001 -1"><span class='ocrx_word' id='word_1_1' title='bbox 1306 481 1391 524; x_wconf 75' lang='lat' dir='ltr'>nn</span> <span class='ocrx_word' id='word_1_2' title='bbox 1438 481 1701 524; x_wconf 70' lang='lat' dir='ltr'>nomm</span> <span class='ocrx_word' id='word_1_3' title='bbox 1746 481 1955 525; x_wconf 69' lang='lat' dir='ltr'>mono</span> <span class='ocrx_word' id='word_1_4' title='bbox 2002 480 2181 524; x_wconf 84' lang='lat' dir='ltr'>xvln.</span> <span class='ocrx_word' id='word_1_5' title='bbox 2883 459 2962 523; x_wconf 92' lang='lat'>17</span> 
     </span>
    </p>
   </div>
   <div class='ocr_carea' id='block_1_2' title="bbox 390 638 2969 4698">
    <p class='ocr_par' dir='ltr' id='par_1_2' title="bbox 390 638 2969 4698">
     <span class='ocr_line' id='line_1_2' title="bbox 507 638 2969 738; baseline -0.001 -18"><span class='ocrx_word' id='word_1_6' title='bbox 507 655 929 738; x_wconf 78' lang='lat' dir='ltr'>victriciaque</span> <span class='ocrx_word' id='word_1_7' title='bbox 976 675 1161 720; x_wconf 91' lang='lat' dir='ltr'>arma</span> <span class='ocrx_word' id='word_1_8' title='bbox 1207 658 1531 720; x_wconf 87' lang='lat' dir='ltr'>secutus.»</span> <span class='ocrx_word' id='word_1_9' title='bbox 1590 638 1689 719; x_wconf 82' lang='lat' dir='ltr'>O&#39;f.</span> <span class='ocrx_word' id='word_1_10' title='bbox 1737 654 1979 720; x_wconf 86' lang='lat' dir='ltr'>Tibull.</span> <span class='ocrx_word' id='word_1_11' title='bbox 2034 654 2118 719; x_wconf 90' lang='grc' dir='ltr'>Π.</span> <span class='ocrx_word' id='word_1_12' title='bbox 2169 654 2230 730; x_wconf 86' lang='grc'>6,</span> <span class='ocrx_word' id='word_1_13' title='bbox 2289 655 2360 717; x_wconf 85' lang='lat'>1:</span> <span class='ocrx_word' id='word_1_14' title='bbox 2418 652 2684 720; x_wconf 85' lang='lat' dir='ltr'>«Castra</span> <span class='ocrx_word' id='word_1_15' title='bbox 2748 652 2969 718; x_wconf 88' lang='lat' dir='ltr'>Macer</span> 
     </span>
     <span class='ocr_line' id='line_1_3' title="bbox 508 760 2967 845; baseline -0 -21"><span class='ocrx_word' id='word_1_16' title='bbox 508 761 889 843; x_wconf 75' lang='lat' dir='ltr'>sequitui-»3</span> <span class='ocrx_word' id='word_1_17' title='bbox 964 760 1081 826; x_wconf 89' lang='lat' dir='ltr'>Ov.</span> <span class='ocrx_word' id='word_1_18' title='bbox 1139 765 1285 825; x_wconf 87' lang='lat' dir='ltr'>Am.</span> <span class='ocrx_word' id='word_1_19' title='bbox 1352 762 1467 828; x_wconf 91' lang='lat' dir='ltr'>III.</span> <span class='ocrx_word' id='word_1_20' title='bbox 1536 764 1597 835; x_wconf 90' lang='lat'>8,</span> <span class='ocrx_word' id='word_1_21' title='bbox 1666 763 1790 826; x_wconf 76' lang='lat'>27:</span> <span class='ocrx_word' id='word_1_22' title='bbox 1857 762 2186 845; x_wconf 81' lang='lat' dir='ltr'>«trepidas</span> <span class='ocrx_word' id='word_1_23' title='bbox 2234 762 2408 825; x_wconf 89' lang='lat' dir='ltr'>acies</span> <span class='ocrx_word' id='word_1_24' title='bbox 2456 765 2521 824; x_wconf 91' lang='lat' dir='ltr'>et</span> <span class='ocrx_word' id='word_1_25' title='bbox 2569 760 2708 825; x_wconf 83' lang='lat' dir='ltr'>sera</span> <span class='ocrx_word' id='word_1_26' title='bbox 2753 763 2967 824; x_wconf 85' lang='lat' dir='ltr'>caetra</span> 
     </span>
     <span class='ocr_line' id='line_1_4' title="bbox 505 867 2968 952; baseline 0 -22"><span class='ocrx_word' id='word_1_27' title='bbox 505 867 776 950; x_wconf 79' lang='lat' dir='ltr'>sequi»;</span> <span class='ocrx_word' id='word_1_28' title='bbox 826 869 1074 933; x_wconf 86' lang='lat' dir='ltr'>Lucan.</span> <span class='ocrx_word' id='word_1_29' title='bbox 1126 869 1203 932; x_wconf 91' lang='lat' dir='ltr'>X.</span> <span class='ocrx_word' id='word_1_30' title='bbox 1252 869 1417 934; x_wconf 78' lang='lat'>407:</span> <span class='ocrx_word' id='word_1_31' title='bbox 1475 869 1711 934; x_wconf 80' lang='lat' dir='ltr'>«Nulla</span> <span class='ocrx_word' id='word_1_32' title='bbox 1756 869 1922 934; x_wconf 88' lang='lat' dir='ltr'>fides</span> <span class='ocrx_word' id='word_1_33' title='bbox 1968 869 2310 952; x_wconf 89' lang='lat' dir='ltr'>pietasque</span> <span class='ocrx_word' id='word_1_34' title='bbox 2364 867 2543 942; x_wconf 84' lang='lat' dir='ltr'>virie,</span> <span class='ocrx_word' id='word_1_35' title='bbox 2593 867 2707 951; x_wconf 91' lang='lat' dir='ltr'>qui</span> <span class='ocrx_word' id='word_1_36' title='bbox 2755 869 2968 932; x_wconf 90' lang='lat' dir='ltr'>castra</span> 
     </span>
     <span class='ocr_line' id='line_1_5' title="bbox 504 973 2967 1058; baseline -0 -20"><span class='ocrx_word' id='word_1_37' title='bbox 504 977 933 1057; x_wconf 87' lang='lat' dir='ltr'>sequuntur.»</span> <span class='ocrx_word' id='word_1_38' title='bbox 1007 973 1336 1052; x_wconf 85' lang='lat' dir='ltr'>Ceterum,</span> <span class='ocrx_word' id='word_1_39' title='bbox 1408 996 1554 1058; x_wconf 84' lang='lat' dir='ltr'>quae</span> <span class='ocrx_word' id='word_1_40' title='bbox 1623 975 1945 1042; x_wconf 84' lang='lat' dir='ltr'>Horatius</span> <span class='ocrx_word' id='word_1_41' title='bbox 2013 996 2139 1040; x_wconf 84' lang='lat' dir='ltr'>ves.</span> <span class='ocrx_word' id='word_1_42' title='bbox 2221 975 2408 1039; x_wconf 80' lang='lat'>1—4.</span> <span class='ocrx_word' id='word_1_43' title='bbox 2488 974 2688 1039; x_wconf 90' lang='lat' dir='ltr'>huius</span> <span class='ocrx_word' id='word_1_44' title='bbox 2770 973 2967 1056; x_wconf 90' lang='lat' dir='ltr'>epodi</span> 
     </span>
     <span class='ocr_line' id='line_1_6' title="bbox 504 1079 2967 1165; baseline -0 -21"><span class='ocrx_word' id='word_1_45' title='bbox 504 1087 997 1156; x_wconf 75' lang='lat' dir='ltr'><strong>commemorat,</strong></span> <span class='ocrx_word' id='word_1_46' title='bbox 1066 1082 1133 1146; x_wconf 92' lang='lat' dir='ltr'>id</span> <span class='ocrx_word' id='word_1_47' title='bbox 1199 1086 1297 1147; x_wconf 91' lang='lat' dir='ltr'>eet</span> <span class='ocrx_word' id='word_1_48' title='bbox 1362 1083 1811 1165; x_wconf 80' lang='lat' dir='ltr'>expeditiones</span> <span class='ocrx_word' id='word_1_49' title='bbox 1875 1083 2263 1159; x_wconf 74' lang='lat' dir='ltr'>maritimae,</span> <span class='ocrx_word' id='word_1_50' title='bbox 2333 1082 2572 1147; x_wconf 91' lang='lat' dir='ltr'>itinera</span> <span class='ocrx_word' id='word_1_51' title='bbox 2633 1079 2967 1145; x_wconf 88' lang='lat' dir='ltr'>terrestria</span> 
     </span>
     <span class='ocr_line' id='line_1_7' title="bbox 503 1186 2964 1273; baseline -0 -23"><span class='ocrx_word' id='word_1_52' title='bbox 503 1186 867 1273; x_wconf 80' lang='lat' dir='ltr'>longinqua</span> <span class='ocrx_word' id='word_1_53' title='bbox 931 1193 997 1252; x_wconf 89' lang='lat' dir='ltr'>et</span> <span class='ocrx_word' id='word_1_54' title='bbox 1059 1189 1393 1254; x_wconf 91' lang='lat' dir='ltr'>militandi</span> <span class='ocrx_word' id='word_1_55' title='bbox 1456 1190 1737 1262; x_wconf 89' lang='lat' dir='ltr'>labores,</span> <span class='ocrx_word' id='word_1_56' title='bbox 1812 1190 2044 1255; x_wconf 85' lang='lat' dir='ltr'>eadem</span> <span class='ocrx_word' id='word_1_57' title='bbox 2111 1190 2394 1254; x_wconf 84' lang='lat' dir='ltr'>breviter</span> <span class='ocrx_word' id='word_1_58' title='bbox 2461 1187 2676 1270; x_wconf 87' lang='lat' dir='ltr'>tetigit</span> <span class='ocrx_word' id='word_1_59' title='bbox 2736 1189 2964 1270; x_wconf 91' lang='lat' dir='ltr'>poetea</span> 
     </span>
     <span class='ocr_line' id='line_1_8' title="bbox 504 1292 2964 1380; baseline -0.001 -23"><span class='ocrx_word' id='word_1_60' title='bbox 504 1292 721 1358; x_wconf 90' lang='lat' dir='ltr'>Carm.</span> <span class='ocrx_word' id='word_1_61' title='bbox 769 1296 854 1359; x_wconf 87' lang='grc' dir='ltr'>Π.</span> <span class='ocrx_word' id='word_1_62' title='bbox 903 1296 963 1370; x_wconf 91' lang='lat'>6,</span> <span class='ocrx_word' id='word_1_63' title='bbox 1012 1297 1232 1360; x_wconf 83' lang='lat'>5—8:</span> <span class='ocrx_word' id='word_1_64' title='bbox 1300 1298 1541 1362; x_wconf 80' lang='lat' dir='ltr'>«Tibur</span> <span class='ocrx_word' id='word_1_65' title='bbox 1584 1299 1796 1378; x_wconf 87' lang='lat' dir='ltr'>Argeo</span> <span class='ocrx_word' id='word_1_66' title='bbox 1842 1297 2137 1380; x_wconf 88' lang='lat' dir='ltr'>positum</span> <span class='ocrx_word' id='word_1_67' title='bbox 2175 1298 2414 1362; x_wconf 91' lang='lat' dir='ltr'>colono</span> <span class='ocrx_word' id='word_1_68' title='bbox 2446 1294 2546 1360; x_wconf 86' lang='lat' dir='ltr'>Sit</span> <span class='ocrx_word' id='word_1_69' title='bbox 2578 1315 2742 1359; x_wconf 85' lang='lat' dir='ltr'>meae</span> <span class='ocrx_word' id='word_1_70' title='bbox 2773 1293 2964 1357; x_wconf 90' lang='lat' dir='ltr'>sedes</span> 
     </span>
     <span class='ocr_line' id='line_1_9' title="bbox 503 1398 2962 1488; baseline 0.002 -26"><span class='ocrx_word' id='word_1_71' title='bbox 503 1400 765 1464; x_wconf 88' lang='lat' dir='ltr'>utinam</span> <span class='ocrx_word' id='word_1_72' title='bbox 812 1406 1113 1479; x_wconf 86' lang='lat' dir='ltr'>senectae,</span> <span class='ocrx_word' id='word_1_73' title='bbox 1148 1402 1249 1468; x_wconf 84' lang='lat' dir='ltr'>Sit</span> <span class='ocrx_word' id='word_1_74' title='bbox 1279 1404 1518 1470; x_wconf 89' lang='lat' dir='ltr'>domus</span> <span class='ocrx_word' id='word_1_75' title='bbox 1548 1405 1723 1469; x_wconf 86' lang='lat' dir='ltr'>lasso</span> <span class='ocrx_word' id='word_1_76' title='bbox 1756 1400 1964 1470; x_wconf 74' lang='lat' dir='ltr'>maris</span> <span class='ocrx_word' id='word_1_77' title='bbox 1993 1412 2050 1470; x_wconf 83' lang='lat' dir='ltr'>et</span> <span class='ocrx_word' id='word_1_78' title='bbox 2081 1400 2340 1470; x_wconf 80' lang='lat' dir='ltr'>viarum</span> <span class='ocrx_word' id='word_1_79' title='bbox 2376 1398 2846 1488; x_wconf 77' lang='lat' dir='ltr'>Militia-eque.»</span> <span class='ocrx_word' id='word_1_80' title='bbox 2874 1435 2962 1446; x_wconf 90' lang='lat'>-—</span> 
     </span>
     <span class='ocr_line' id='line_1_10' title="bbox 502 1504 2960 1591; baseline -0.001 -19"><span class='ocrx_word' id='word_1_81' title='bbox 502 1504 786 1587; x_wconf 71' lang='lat' dir='ltr'>victorie,</span> <span class='ocrx_word' id='word_1_82' title='bbox 834 1510 1047 1575; x_wconf 81' lang='lat' dir='ltr'>Bruti.</span> <span class='ocrx_word' id='word_1_83' title='bbox 1096 1513 1264 1575; x_wconf 93' lang='lat' dir='ltr'>Nam</span> <span class='ocrx_word' id='word_1_84' title='bbox 1328 1512 1599 1588; x_wconf 88' lang='lat' dir='ltr'>Brutus,</span> <span class='ocrx_word' id='word_1_85' title='bbox 1649 1511 1720 1577; x_wconf 85' lang='lat' dir='ltr'>O.</span> <span class='ocrx_word' id='word_1_86' title='bbox 1770 1511 2060 1576; x_wconf 89' lang='lat' dir='ltr'>Antonio</span> <span class='ocrx_word' id='word_1_87' title='bbox 2121 1511 2377 1575; x_wconf 84' lang='lat' dir='ltr'>devicto</span> <span class='ocrx_word' id='word_1_88' title='bbox 2441 1508 2960 1591; x_wconf 80' lang='lat' dir='ltr'>Macedoniaque</span> 
     </span>
     <span class='ocr_line' id='line_1_11' title="bbox 502 1616 2955 1702; baseline -0.001 -23"><span class='ocrx_word' id='word_1_89' title='bbox 502 1620 843 1702; x_wconf 81' lang='lat' dir='ltr'>occupata,</span> <span class='ocrx_word' id='word_1_90' title='bbox 890 1622 967 1683; x_wconf 90' lang='lat' dir='ltr'>ut</span> <span class='ocrx_word' id='word_1_91' title='bbox 1013 1616 1190 1683; x_wconf 85' lang='lat' dir='ltr'>Cass.</span> <span class='ocrx_word' id='word_1_92' title='bbox 1240 1619 1387 1684; x_wconf 91' lang='lat' dir='ltr'>Dio.</span> <span class='ocrx_word' id='word_1_93' title='bbox 1436 1618 1697 1683; x_wconf 88' lang='lat' dir='ltr'><strong>XLVII.</strong></span> <span class='ocrx_word' id='word_1_94' title='bbox 1771 1621 1876 1682; x_wconf 69' lang='lat'>25.</span> <span class='ocrx_word' id='word_1_95' title='bbox 1949 1618 2299 1683; x_wconf 88' lang='lat' dir='ltr'>docemur:</span> <span class='ocrx_word' id='word_1_96' title='bbox 2351 1617 2414 1689; x_wconf 85' lang='grc' dir='ltr'>ἐς</span> <span class='ocrx_word' id='word_1_97' title='bbox 2463 1620 2539 1679; x_wconf 86' lang='grc' dir='ltr'>τὰ</span> <span class='ocrx_word' id='word_1_98' title='bbox 2585 1620 2955 1701; x_wconf 78' lang='grc' dir='ltr'><strong>νομίσματα,</strong></span> 
     </span>
     <span class='ocr_line' id='line_1_12' title="bbox 505 1706 2958 1811; baseline -0.001 -25"><span class='ocrx_word' id='word_1_99' title='bbox 505 1724 545 1786; x_wconf 84' lang='grc' dir='ltr'><strong>ἃ</strong></span> <span class='ocrx_word' id='word_1_100' title='bbox 594 1721 903 1798; x_wconf 78' lang='grc' dir='ltr'><strong>ἐκόπτετο,</strong></span> <span class='ocrx_word' id='word_1_101' title='bbox 953 1722 1167 1789; x_wconf 80' lang='grc' dir='ltr'><strong>εἰκόνα</strong></span> <span class='ocrx_word' id='word_1_102' title='bbox 1213 1706 1277 1789; x_wconf 76' lang='grc' dir='ltr'>τε</span> <span class='ocrx_word' id='word_1_103' title='bbox 1326 1721 1511 1789; x_wconf 75' lang='grc' dir='ltr'><strong>αὑτοῦ</strong></span> <span class='ocrx_word' id='word_1_104' title='bbox 1557 1730 1666 1790; x_wconf 80' lang='grc' dir='ltr'>καὶ</span> <span class='ocrx_word' id='word_1_105' title='bbox 1710 1727 1929 1804; x_wconf 84' lang='grc' dir='ltr'><strong>πιλίον,</strong></span> <span class='ocrx_word' id='word_1_106' title='bbox 1964 1725 2194 1811; x_wconf 79' lang='grc' dir='ltr'><strong>Ειφίδιοί</strong></span> <span class='ocrx_word' id='word_1_107' title='bbox 2241 1748 2305 1788; x_wconf 85' lang='grc' dir='ltr'>τε</span> <span class='ocrx_word' id='word_1_108' title='bbox 2355 1725 2462 1788; x_wconf 85' lang='grc' dir='ltr'>δύο</span> <span class='ocrx_word' id='word_1_109' title='bbox 2511 1723 2815 1788; x_wconf 82' lang='grc' dir='ltr'><strong>ἐνετύποο·</strong></span> <span class='ocrx_word' id='word_1_110' title='bbox 2851 1721 2958 1807; x_wconf 87' lang='grc' dir='ltr'>δη-</span> 
     </span>
     <span class='ocr_line' id='line_1_13' title="bbox 500 1830 2959 1918; baseline 0 -27"><span class='ocrx_word' id='word_1_111' title='bbox 500 1831 621 1892; x_wconf 84' lang='grc' dir='ltr'>λῶν</span> <span class='ocrx_word' id='word_1_112' title='bbox 670 1830 742 1894; x_wconf 72' lang='grc' dir='ltr'>ἔκ</span> <span class='ocrx_word' id='word_1_113' title='bbox 784 1855 847 1895; x_wconf 85' lang='grc' dir='ltr'>τε</span> <span class='ocrx_word' id='word_1_114' title='bbox 894 1835 1104 1896; x_wconf 80' lang='grc' dir='ltr'><strong>τούτου</strong></span> <span class='ocrx_word' id='word_1_115' title='bbox 1150 1835 1259 1896; x_wconf 80' lang='grc' dir='ltr'>καὶ</span> <span class='ocrx_word' id='word_1_116' title='bbox 1306 1832 1409 1895; x_wconf 81' lang='grc' dir='ltr'>διὰ</span> <span class='ocrx_word' id='word_1_117' title='bbox 1455 1843 1569 1895; x_wconf 86' lang='grc' dir='ltr'>τῶν</span> <span class='ocrx_word' id='word_1_118' title='bbox 1617 1839 2008 1918; x_wconf 81' lang='grc' dir='ltr'><strong>γραμμάτων,</strong></span> <span class='ocrx_word' id='word_1_119' title='bbox 2059 1831 2147 1897; x_wconf 76' lang='grc' dir='ltr'>ὅτι</span> <span class='ocrx_word' id='word_1_120' title='bbox 2193 1837 2300 1918; x_wconf 78' lang='grc' dir='ltr'>τὴν</span> <span class='ocrx_word' id='word_1_121' title='bbox 2345 1831 2608 1914; x_wconf 86' lang='grc' dir='ltr'><strong>πατρίδα</strong></span> <span class='ocrx_word' id='word_1_122' title='bbox 2654 1835 2809 1915; x_wconf 81' lang='grc' dir='ltr'><strong>μετὰ</strong></span> <span class='ocrx_word' id='word_1_123' title='bbox 2854 1837 2959 1892; x_wconf 82' lang='grc' dir='ltr'>τοῦ</span> 
     </span>
     <span class='ocr_line' id='line_1_14' title="bbox 502 1931 2954 2025; baseline 0 -25"><span class='ocrx_word' id='word_1_124' title='bbox 502 1934 789 2003; x_wconf 82' lang='grc' dir='ltr'><strong>Κασσίου</strong></span> <span class='ocrx_word' id='word_1_125' title='bbox 836 1936 1279 2025; x_wconf 80' lang='grc' dir='ltr'><strong>ἠλεοθερηκὼς</strong></span> <span class='ocrx_word' id='word_1_126' title='bbox 1330 1937 1447 2025; x_wconf 83' lang='grc' dir='ltr'><strong>εἴη.</strong></span> <span class='ocrx_word' id='word_1_127' title='bbox 1498 1940 1578 2003; x_wconf 94' lang='lat' dir='ltr'>In</span> <span class='ocrx_word' id='word_1_128' title='bbox 1613 1938 2034 2022; x_wconf 90' lang='lat' dir='ltr'>ephemeride</span> <span class='ocrx_word' id='word_1_129' title='bbox 2068 1944 2293 2004; x_wconf 89' lang='lat' dir='ltr'>autem</span> <span class='ocrx_word' id='word_1_130' title='bbox 2329 1933 2629 2004; x_wconf 82' lang='lat' dir='ltr'>Berliner</span> <span class='ocrx_word' id='word_1_131' title='bbox 2661 1931 2954 2002; x_wconf 79' lang='lat' dir='ltr'>Philolo-</span> 
     </span>
     <span class='ocr_line' id='line_1_15' title="bbox 496 2039 2955 2132; baseline -0.001 -24"><span class='ocrx_word' id='word_1_132' title='bbox 496 2039 706 2130; x_wconf 78' lang='lat' dir='ltr'>9ische</span> <span class='ocrx_word' id='word_1_133' title='bbox 767 2039 1265 2132; x_wconf 74' lang='lat' dir='ltr'>Wochenschrzft</span> <span class='ocrx_word' id='word_1_134' title='bbox 1312 2061 1389 2118; x_wconf 85' lang='lat' dir='ltr'>(a.</span> <span class='ocrx_word' id='word_1_135' title='bbox 1446 2049 1634 2112; x_wconf 90' lang='lat'>1888.</span> <span class='ocrx_word' id='word_1_136' title='bbox 1682 2069 1745 2130; x_wconf 91' lang='lat' dir='ltr'>p.</span> <span class='ocrx_word' id='word_1_137' title='bbox 1804 2047 2024 2123; x_wconf 82' lang='lat'>1043.)</span> <span class='ocrx_word' id='word_1_138' title='bbox 2075 2045 2442 2128; x_wconf 89' lang='lat' dir='ltr'>descriptus</span> <span class='ocrx_word' id='word_1_139' title='bbox 2490 2049 2589 2110; x_wconf 87' lang='lat' dir='ltr'>est</span> <span class='ocrx_word' id='word_1_140' title='bbox 2633 2064 2955 2109; x_wconf 78' lang='lat' dir='ltr'>nummus</span> 
     </span>
     <span class='ocr_line' id='line_1_16' title="bbox 500 2150 2955 2236; baseline 0 -22"><span class='ocrx_word' id='word_1_141' title='bbox 500 2171 759 2226; x_wconf 86' lang='lat' dir='ltr'>aureue‚</span> <span class='ocrx_word' id='word_1_142' title='bbox 840 2152 956 2215; x_wconf 91' lang='lat' dir='ltr'>ubi</span> <span class='ocrx_word' id='word_1_143' title='bbox 1033 2153 1435 2236; x_wconf 81' lang='lat' dir='ltr'>conspicitur</span> <span class='ocrx_word' id='word_1_144' title='bbox 1505 2155 1697 2218; x_wconf 90' lang='lat' dir='ltr'>Bruti</span> <span class='ocrx_word' id='word_1_145' title='bbox 1760 2155 1980 2236; x_wconf 86' lang='lat' dir='ltr'>imago</span> <span class='ocrx_word' id='word_1_146' title='bbox 2049 2174 2294 2219; x_wconf 90' lang='lat' dir='ltr'>corona</span> <span class='ocrx_word' id='word_1_147' title='bbox 2357 2155 2601 2228; x_wconf 84' lang='lat' dir='ltr'>laurea,</span> <span class='ocrx_word' id='word_1_148' title='bbox 2668 2150 2955 2215; x_wconf 73' lang='lat' dir='ltr'>victoriae</span> 
     </span>
     <span class='ocr_line' id='line_1_17' title="bbox 500 2257 2953 2345; baseline 0 -25"><span class='ocrx_word' id='word_1_149' title='bbox 500 2257 684 2339; x_wconf 85' lang='lat' dir='ltr'>signo</span> <span class='ocrx_word' id='word_1_150' title='bbox 733 2258 949 2322; x_wconf 87' lang='lat' dir='ltr'>cincta</span> <span class='ocrx_word' id='word_1_151' title='bbox 997 2261 1062 2322; x_wconf 91' lang='lat' dir='ltr'>et</span> <span class='ocrx_word' id='word_1_152' title='bbox 1106 2262 1427 2343; x_wconf 86' lang='lat' dir='ltr'>tropaeum</span> <span class='ocrx_word' id='word_1_153' title='bbox 1475 2259 1649 2325; x_wconf 91' lang='lat' dir='ltr'>inter</span> <span class='ocrx_word' id='word_1_154' title='bbox 1696 2263 1830 2326; x_wconf 90' lang='lat' dir='ltr'>duo</span> <span class='ocrx_word' id='word_1_155' title='bbox 1877 2266 2107 2338; x_wconf 88' lang='lat' dir='ltr'>rostra,</span> <span class='ocrx_word' id='word_1_156' title='bbox 2135 2282 2211 2325; x_wconf 91' lang='lat' dir='ltr'>ex</span> <span class='ocrx_word' id='word_1_157' title='bbox 2259 2282 2388 2345; x_wconf 90' lang='lat' dir='ltr'>quo</span> <span class='ocrx_word' id='word_1_158' title='bbox 2423 2260 2618 2325; x_wconf 89' lang='lat' dir='ltr'>etiam</span> <span class='ocrx_word' id='word_1_159' title='bbox 2666 2258 2953 2321; x_wconf 91' lang='lat' dir='ltr'>Brutum</span> 
     </span>
     <span class='ocr_line' id='line_1_18' title="bbox 499 2365 2954 2450; baseline 0 -23"><span class='ocrx_word' id='word_1_160' title='bbox 499 2365 721 2447; x_wconf 87' lang='lat' dir='ltr'>ipsum</span> <span class='ocrx_word' id='word_1_161' title='bbox 770 2367 1020 2429; x_wconf 90' lang='lat' dir='ltr'>elatum</span> <span class='ocrx_word' id='word_1_162' title='bbox 1069 2366 1275 2431; x_wconf 82' lang='lat' dir='ltr'>fuisse</span> <span class='ocrx_word' id='word_1_163' title='bbox 1321 2368 1480 2432; x_wconf 91' lang='lat' dir='ltr'>belli</span> <span class='ocrx_word' id='word_1_164' title='bbox 1525 2369 1780 2434; x_wconf 86' lang='lat' dir='ltr'>navalis</span> <span class='ocrx_word' id='word_1_165' title='bbox 1827 2389 1867 2433; x_wconf 89' lang='lat' dir='ltr'>a</span> <span class='ocrx_word' id='word_1_166' title='bbox 1915 2390 1982 2433; x_wconf 86' lang='lat' dir='ltr'>se</span> <span class='ocrx_word' id='word_1_167' title='bbox 2029 2370 2194 2450; x_wconf 83' lang='lat' dir='ltr'>gesti</span> <span class='ocrx_word' id='word_1_168' title='bbox 2239 2368 2446 2450; x_wconf 85' lang='lat' dir='ltr'>gloria</span> <span class='ocrx_word' id='word_1_169' title='bbox 2491 2370 2696 2449; x_wconf 88' lang='lat' dir='ltr'>patet,</span> <span class='ocrx_word' id='word_1_170' title='bbox 2753 2384 2954 2447; x_wconf 90' lang='lat' dir='ltr'>quare</span> 
     </span>
     <span class='ocr_line' id='line_1_19' title="bbox 500 2472 2952 2555; baseline -0.001 -19"><span class='ocrx_word' id='word_1_171' title='bbox 500 2472 948 2555; x_wconf 80' lang='lat' dir='ltr'>expeditiones</span> <span class='ocrx_word' id='word_1_172' title='bbox 995 2474 1364 2538; x_wconf 90' lang='lat' dir='ltr'>maritimas</span> <span class='ocrx_word' id='word_1_173' title='bbox 1412 2476 1494 2538; x_wconf 86' lang='lat' dir='ltr'>ab</span> <span class='ocrx_word' id='word_1_174' title='bbox 1542 2476 1826 2540; x_wconf 88' lang='lat' dir='ltr'>Horatio</span> <span class='ocrx_word' id='word_1_175' title='bbox 1873 2475 1996 2540; x_wconf 87' lang='lat' dir='ltr'>hoc</span> <span class='ocrx_word' id='word_1_176' title='bbox 2042 2476 2188 2539; x_wconf 92' lang='lat' dir='ltr'>loco</span> <span class='ocrx_word' id='word_1_177' title='bbox 2253 2472 2759 2539; x_wconf 85' lang='lat' dir='ltr'>commemorari</span> <span class='ocrx_word' id='word_1_178' title='bbox 2814 2491 2952 2534; x_wconf 92' lang='lat' dir='ltr'>non</span> 
     </span>
     <span class='ocr_line' id='line_1_20' title="bbox 498 2580 2952 2658; baseline -0.001 -15"><span class='ocrx_word' id='word_1_179' title='bbox 498 2583 597 2644; x_wconf 91' lang='lat' dir='ltr'>est</span> <span class='ocrx_word' id='word_1_180' title='bbox 661 2581 927 2646; x_wconf 89' lang='lat' dir='ltr'>mirum.</span> <span class='ocrx_word' id='word_1_181' title='bbox 994 2580 1184 2645; x_wconf 89' lang='lat' dir='ltr'>Unde</span> <span class='ocrx_word' id='word_1_182' title='bbox 1252 2582 1451 2646; x_wconf 90' lang='lat' dir='ltr'>etiam</span> <span class='ocrx_word' id='word_1_183' title='bbox 1521 2582 1589 2646; x_wconf 93' lang='lat' dir='ltr'>id</span> <span class='ocrx_word' id='word_1_184' title='bbox 1660 2584 1895 2658; x_wconf 91' lang='lat' dir='ltr'>elucet,</span> <span class='ocrx_word' id='word_1_185' title='bbox 1963 2604 2081 2647; x_wconf 91' lang='lat' dir='ltr'>cur</span> <span class='ocrx_word' id='word_1_186' title='bbox 2134 2581 2448 2646; x_wconf 78' lang='lat' dir='ltr'>Horatius</span> <span class='ocrx_word' id='word_1_187' title='bbox 2514 2580 2638 2644; x_wconf 98' lang='lat' dir='ltr'>hoc</span> <span class='ocrx_word' id='word_1_188' title='bbox 2686 2597 2952 2643; x_wconf 84' lang='lat' dir='ltr'>carmen</span> 
     </span>
     <span class='ocr_line' id='line_1_21' title="bbox 496 2685 2951 2771; baseline -0.002 -21"><span class='ocrx_word' id='word_1_189' title='bbox 496 2687 564 2750; x_wconf 94' lang='lat' dir='ltr'>in</span> <span class='ocrx_word' id='word_1_190' title='bbox 613 2687 779 2751; x_wconf 90' lang='lat' dir='ltr'>libro</span> <span class='ocrx_word' id='word_1_191' title='bbox 829 2686 1090 2770; x_wconf 89' lang='lat' dir='ltr'>epodon</span> <span class='ocrx_word' id='word_1_192' title='bbox 1139 2688 1393 2768; x_wconf 83' lang='lat' dir='ltr'>publici</span> <span class='ocrx_word' id='word_1_193' title='bbox 1438 2689 1599 2752; x_wconf 89' lang='lat' dir='ltr'>iuris</span> <span class='ocrx_word' id='word_1_194' title='bbox 1647 2691 1859 2753; x_wconf 82' lang='lat' dir='ltr'>facere</span> <span class='ocrx_word' id='word_1_195' title='bbox 1908 2709 2045 2753; x_wconf 92' lang='lat' dir='ltr'>non</span> <span class='ocrx_word' id='word_1_196' title='bbox 2091 2688 2403 2771; x_wconf 88' lang='lat' dir='ltr'>potuerit.</span> <span class='ocrx_word' id='word_1_197' title='bbox 2451 2687 2616 2750; x_wconf 90' lang='lat' dir='ltr'>Nam</span> <span class='ocrx_word' id='word_1_198' title='bbox 2664 2685 2951 2748; x_wconf 84' lang='lat' dir='ltr'>Brutum</span> 
     </span>
     <span class='ocr_line' id='line_1_22' title="bbox 494 2789 2950 2878; baseline -0.002 -20"><span class='ocrx_word' id='word_1_199' title='bbox 494 2795 809 2858; x_wconf 83' lang='lat' dir='ltr'>victorem</span> <span class='ocrx_word' id='word_1_200' title='bbox 856 2794 1254 2878; x_wconf 87' lang='lat' dir='ltr'>appellando</span> <span class='ocrx_word' id='word_1_201' title='bbox 1316 2796 1591 2861; x_wconf 90' lang='lat' dir='ltr'>lectores</span> <span class='ocrx_word' id='word_1_202' title='bbox 1663 2795 2272 2860; x_wconf 82' lang='lat' dir='ltr'>commonefecieset</span> <span class='ocrx_word' id='word_1_203' title='bbox 2318 2792 2564 2858; x_wconf 90' lang='lat' dir='ltr'>summi</span> <span class='ocrx_word' id='word_1_204' title='bbox 2611 2789 2950 2854; x_wconf 88' lang='lat' dir='ltr'>dedecoris</span> 
     </span>
     <span class='ocr_line' id='line_1_23' title="bbox 496 2897 2949 2988; baseline -0.003 -23"><span class='ocrx_word' id='word_1_205' title='bbox 496 2900 841 2967; x_wconf 83' lang='lat' dir='ltr'>Octaviani</span> <span class='ocrx_word' id='word_1_206' title='bbox 874 2901 1167 2978; x_wconf 84' lang='lat' dir='ltr'>Oaesaris,</span> <span class='ocrx_word' id='word_1_207' title='bbox 1201 2923 1440 2985; x_wconf 86' lang='lat' dir='ltr'>pugnae</span> <span class='ocrx_word' id='word_1_208' title='bbox 1473 2904 1916 2988; x_wconf 87' lang='lat' dir='ltr'>Philippensis</span> <span class='ocrx_word' id='word_1_209' title='bbox 1947 2904 2198 2988; x_wconf 70' lang='lat' dir='ltr'>primae,</span> <span class='ocrx_word' id='word_1_210' title='bbox 2236 2903 2316 2966; x_wconf 92' lang='lat' dir='ltr'>de</span> <span class='ocrx_word' id='word_1_211' title='bbox 2351 2922 2482 2983; x_wconf 91' lang='lat' dir='ltr'>qua</span> <span class='ocrx_word' id='word_1_212' title='bbox 2514 2899 2696 2964; x_wconf 84' lang='lat' dir='ltr'>Suet.</span> <span class='ocrx_word' id='word_1_213' title='bbox 2724 2897 2949 2962; x_wconf 83' lang='lat' dir='ltr'>Octav.</span> 
     </span>
     <span class='ocr_line' id='line_1_24' title="bbox 503 3003 2946 3092; baseline -0.001 -23"><span class='ocrx_word' id='word_1_214' title='bbox 503 3007 638 3070; x_wconf 83' lang='lat'>13.:</span> <span class='ocrx_word' id='word_1_215' title='bbox 697 3007 1189 3086; x_wconf 80' lang='lat' dir='ltr'>«(Octavianus)</span> <span class='ocrx_word' id='word_1_216' title='bbox 1235 3009 1405 3073; x_wconf 91' lang='lat' dir='ltr'>inita</span> <span class='ocrx_word' id='word_1_217' title='bbox 1452 3032 1603 3074; x_wconf 91' lang='lat' dir='ltr'>cum</span> <span class='ocrx_word' id='word_1_218' title='bbox 1652 3011 1944 3074; x_wconf 86' lang='lat' dir='ltr'>Antonio</span> <span class='ocrx_word' id='word_1_219' title='bbox 1993 3017 2058 3074; x_wconf 92' lang='lat' dir='ltr'>et</span> <span class='ocrx_word' id='word_1_220' title='bbox 2105 3009 2354 3092; x_wconf 88' lang='lat' dir='ltr'>Lepido</span> <span class='ocrx_word' id='word_1_221' title='bbox 2422 3008 2733 3071; x_wconf 86' lang='lat' dir='ltr'>societate</span> <span class='ocrx_word' id='word_1_222' title='bbox 2796 3003 2946 3068; x_wconf 88' lang='lat' dir='ltr'>Phi-</span> 
     </span>
     <span class='ocr_line' id='line_1_25' title="bbox 494 3111 2948 3201; baseline -0.001 -24"><span class='ocrx_word' id='word_1_223' title='bbox 494 3113 793 3197; x_wconf 87' lang='lat' dir='ltr'>lippense</span> <span class='ocrx_word' id='word_1_224' title='bbox 842 3134 1105 3198; x_wconf 91' lang='lat' dir='ltr'>quoque</span> <span class='ocrx_word' id='word_1_225' title='bbox 1154 3114 1425 3192; x_wconf 90' lang='lat' dir='ltr'>bellum,</span> <span class='ocrx_word' id='word_1_226' title='bbox 1477 3139 1882 3201; x_wconf 80' lang='lat' dir='ltr'>quamquam</span> <span class='ocrx_word' id='word_1_227' title='bbox 1932 3115 2262 3181; x_wconf 88' lang='lat' dir='ltr'>invalidus</span> <span class='ocrx_word' id='word_1_228' title='bbox 2326 3121 2522 3197; x_wconf 89' lang='lat' dir='ltr'>atque</span> <span class='ocrx_word' id='word_1_229' title='bbox 2587 3133 2773 3194; x_wconf 84' lang='lat' dir='ltr'>aeger,</span> <span class='ocrx_word' id='word_1_230' title='bbox 2825 3111 2948 3175; x_wconf 89' lang='lat' dir='ltr'>du-</span> 
     </span>
     <span class='ocr_line' id='line_1_26' title="bbox 494 3216 2950 3306; baseline -0.001 -24"><span class='ocrx_word' id='word_1_231' title='bbox 494 3219 650 3302; x_wconf 92' lang='lat' dir='ltr'>plici</span> <span class='ocrx_word' id='word_1_232' title='bbox 696 3221 930 3303; x_wconf 90' lang='lat' dir='ltr'>proelio</span> <span class='ocrx_word' id='word_1_233' title='bbox 981 3223 1315 3302; x_wconf 83' lang='lat' dir='ltr'>transegit,</span> <span class='ocrx_word' id='word_1_234' title='bbox 1346 3244 1628 3306; x_wconf 90' lang='lat' dir='ltr'>quorum</span> <span class='ocrx_word' id='word_1_235' title='bbox 1674 3225 1890 3306; x_wconf 92' lang='lat' dir='ltr'>priore</span> <span class='ocrx_word' id='word_1_236' title='bbox 1923 3221 2154 3290; x_wconf 75' lang='lat' dir='ltr'>castris</span> <span class='ocrx_word' id='word_1_237' title='bbox 2185 3230 2411 3288; x_wconf 82' lang='lat' dir='ltr'>exutus</span> <span class='ocrx_word' id='word_1_238' title='bbox 2444 3223 2549 3285; x_wconf 79' lang='lat' dir='ltr'>vix</span> <span class='ocrx_word' id='word_1_239' title='bbox 2581 3220 2664 3284; x_wconf 92' lang='lat' dir='ltr'>ad</span> <span class='ocrx_word' id='word_1_240' title='bbox 2699 3216 2950 3283; x_wconf 86' lang='lat' dir='ltr'>Antoni</span> 
     </span>
     <span class='ocr_line' id='line_1_27' title="bbox 494 3323 2947 3414; baseline -0.001 -27"><span class='ocrx_word' id='word_1_241' title='bbox 494 3345 699 3390; x_wconf 91' lang='lat' dir='ltr'>cornu</span> <span class='ocrx_word' id='word_1_242' title='bbox 744 3323 927 3414; x_wconf 59' lang='lat' dir='ltr'>fuya</span> <span class='ocrx_word' id='word_1_243' title='bbox 992 3333 1372 3405; x_wconf 77' lang='lat' dir='ltr'>evaserat»;</span> <span class='ocrx_word' id='word_1_244' title='bbox 1438 3330 1605 3394; x_wconf 90' lang='lat' dir='ltr'>Plin.</span> <span class='ocrx_word' id='word_1_245' title='bbox 1671 3332 1747 3394; x_wconf 93' lang='lat' dir='ltr'>N.</span> <span class='ocrx_word' id='word_1_246' title='bbox 1820 3331 1907 3395; x_wconf 90' lang='grc' dir='ltr'>Η.</span> <span class='ocrx_word' id='word_1_247' title='bbox 1955 3330 2100 3394; x_wconf 92' lang='lat' dir='ltr'>VII.</span> <span class='ocrx_word' id='word_1_248' title='bbox 2179 3330 2555 3393; x_wconf 71' lang='lat'>147-1482</span> <span class='ocrx_word' id='word_1_249' title='bbox 2631 3327 2745 3389; x_wconf 88' lang='lat' dir='ltr'>«In</span> <span class='ocrx_word' id='word_1_250' title='bbox 2793 3324 2947 3387; x_wconf 80' lang='lat' dir='ltr'>divo</span> 
     </span>
     <span class='ocr_line' id='line_1_28' title="bbox 494 3431 2944 3521; baseline -0.002 -25"><span class='ocrx_word' id='word_1_251' title='bbox 494 3453 756 3516; x_wconf 89' lang='lat' dir='ltr'>quoque</span> <span class='ocrx_word' id='word_1_252' title='bbox 781 3435 1080 3515; x_wconf 87' lang='lat' dir='ltr'>Augusto</span> <span class='ocrx_word' id='word_1_253' title='bbox 1106 3485 1121 3498; x_wconf 96' lang='lat'>.</span> <span class='ocrx_word' id='word_1_254' title='bbox 1146 3483 1161 3496; x_wconf 90' lang='lat'>.</span> <span class='ocrx_word' id='word_1_255' title='bbox 1184 3484 1198 3498; x_wconf 93' lang='lat'>.</span> <span class='ocrx_word' id='word_1_256' title='bbox 1221 3455 1462 3517; x_wconf 87' lang='lat' dir='ltr'>magna</span> <span class='ocrx_word' id='word_1_257' title='bbox 1483 3435 1677 3499; x_wconf 88' lang='lat' dir='ltr'>sortis</span> <span class='ocrx_word' id='word_1_258' title='bbox 1710 3436 2022 3502; x_wconf 83' lang='lat' dir='ltr'>humanae</span> <span class='ocrx_word' id='word_1_259' title='bbox 2055 3438 2471 3521; x_wconf 85' lang='lat' dir='ltr'>reperiantur</span> <span class='ocrx_word' id='word_1_260' title='bbox 2494 3431 2834 3498; x_wconf 88' lang='lat' dir='ltr'>volumina</span> <span class='ocrx_word' id='word_1_261' title='bbox 2855 3480 2869 3493; x_wconf 96' lang='lat'>.</span> <span class='ocrx_word' id='word_1_262' title='bbox 2890 3479 2904 3493; x_wconf 93' lang='lat'>.</span> <span class='ocrx_word' id='word_1_263' title='bbox 2930 3480 2944 3493; x_wconf 90' lang='lat'>.</span> 
     </span>
     <span class='ocr_line' id='line_1_29' title="bbox 491 3537 2948 3631; baseline 0 -29"><span class='ocrx_word' id='word_1_264' title='bbox 491 3539 901 3624; x_wconf 89' lang='lat' dir='ltr'>Philippensi</span> <span class='ocrx_word' id='word_1_265' title='bbox 965 3541 1199 3623; x_wconf 90' lang='lat' dir='ltr'>proelio</span> <span class='ocrx_word' id='word_1_266' title='bbox 1264 3542 1551 3607; x_wconf 91' lang='lat' dir='ltr'>morbidi</span> <span class='ocrx_word' id='word_1_267' title='bbox 1578 3538 1761 3631; x_wconf 71' lang='lat' dir='ltr'>fuya</span> <span class='ocrx_word' id='word_1_268' title='bbox 1810 3549 1870 3610; x_wconf 84' lang='lat' dir='ltr'>et</span> <span class='ocrx_word' id='word_1_269' title='bbox 1921 3540 2141 3611; x_wconf 80' lang='lat' dir='ltr'>triduo</span> <span class='ocrx_word' id='word_1_270' title='bbox 2187 3540 2261 3610; x_wconf 82' lang='lat' dir='ltr'>in</span> <span class='ocrx_word' id='word_1_271' title='bbox 2303 3537 2549 3630; x_wconf 79' lang='lat' dir='ltr'>palude</span> <span class='ocrx_word' id='word_1_272' title='bbox 2611 3538 2836 3622; x_wconf 85' lang='lat' dir='ltr'>aegroti</span> <span class='ocrx_word' id='word_1_273' title='bbox 2883 3540 2948 3600; x_wconf 87' lang='lat' dir='ltr'>et</span> 
     </span>
     <span class='ocr_line' id='line_1_30' title="bbox 491 3647 2941 3733; baseline -0.001 -24"><span class='ocrx_word' id='word_1_274' title='bbox 491 3648 590 3722; x_wconf 91' lang='lat' dir='ltr'>(ut</span> <span class='ocrx_word' id='word_1_275' title='bbox 634 3648 929 3711; x_wconf 88' lang='lat' dir='ltr'>fatentur</span> <span class='ocrx_word' id='word_1_276' title='bbox 981 3648 1260 3731; x_wconf 86' lang='lat' dir='ltr'>Agrippa</span> <span class='ocrx_word' id='word_1_277' title='bbox 1312 3652 1374 3713; x_wconf 92' lang='lat' dir='ltr'>et</span> <span class='ocrx_word' id='word_1_278' title='bbox 1426 3649 1773 3729; x_wconf 84' lang='lat' dir='ltr'>Maecenae)</span> <span class='ocrx_word' id='word_1_279' title='bbox 1820 3671 1993 3733; x_wconf 87' lang='lat' dir='ltr'>aqua</span> <span class='ocrx_word' id='word_1_280' title='bbox 2063 3651 2292 3716; x_wconf 86' lang='lat' dir='ltr'>subter</span> <span class='ocrx_word' id='word_1_281' title='bbox 2346 3653 2566 3713; x_wconf 90' lang='lat' dir='ltr'>cutem</span> <span class='ocrx_word' id='word_1_282' title='bbox 2614 3647 2763 3711; x_wconf 82' lang='lat' dir='ltr'>fusa</span> <span class='ocrx_word' id='word_1_283' title='bbox 2809 3648 2941 3708; x_wconf 88' lang='lat' dir='ltr'>tur-</span> 
     </span>
     <span class='ocr_line' id='line_1_31' title="bbox 489 3749 2940 3842; baseline -0.002 -26"><span class='ocrx_word' id='word_1_284' title='bbox 489 3752 624 3835; x_wconf 84' lang='lat' dir='ltr'>gidi</span> <span class='ocrx_word' id='word_1_285' title='bbox 689 3749 1017 3820; x_wconf 57' lang='lat' dir='ltr'>latebram</span> <span class='ocrx_word' id='word_1_286' title='bbox 1085 3756 1255 3820; x_wconf 90' lang='lat' dir='ltr'>Plut.</span> <span class='ocrx_word' id='word_1_287' title='bbox 1322 3757 1508 3822; x_wconf 92' lang='lat' dir='ltr'>Brut.</span> <span class='ocrx_word' id='word_1_288' title='bbox 1576 3759 1685 3821; x_wconf 72' lang='lat'>42.</span> <span class='ocrx_word' id='word_1_289' title='bbox 1757 3758 1862 3836; x_wconf 89' lang='lat' dir='ltr'>(de</span> <span class='ocrx_word' id='word_1_290' title='bbox 1910 3759 2128 3842; x_wconf 88' lang='lat' dir='ltr'>prima</span> <span class='ocrx_word' id='word_1_291' title='bbox 2195 3777 2422 3841; x_wconf 86' lang='lat' dir='ltr'>pugna</span> <span class='ocrx_word' id='word_1_292' title='bbox 2473 3750 2940 3836; x_wconf 88' lang='lat' dir='ltr'>Philippensi):</span> 
     </span>
     <span class='ocr_line' id='line_1_32' title="bbox 490 3859 2942 3950; baseline -0.002 -24"><span class='ocrx_word' id='word_1_293' title='bbox 490 3860 745 3945; x_wconf 86' lang='grc' dir='ltr'><strong>Καῖσαρ</strong></span> <span class='ocrx_word' id='word_1_294' title='bbox 793 3859 1069 3947; x_wconf 76' lang='grc' dir='ltr'><strong>οὖδαμοῦ</strong></span> <span class='ocrx_word' id='word_1_295' title='bbox 1118 3868 1384 3948; x_wconf 83' lang='grc' dir='ltr'><strong>φανερὸς</strong></span> <span class='ocrx_word' id='word_1_296' title='bbox 1434 3861 1529 3950; x_wconf 82' lang='grc' dir='ltr'>ἧν.</span> <span class='ocrx_word' id='word_1_297' title='bbox 1576 3866 1804 3949; x_wconf 84' lang='lat' dir='ltr'>Neque</span> <span class='ocrx_word' id='word_1_298' title='bbox 1851 3867 2098 3930; x_wconf 91' lang='lat' dir='ltr'>mirum</span> <span class='ocrx_word' id='word_1_299' title='bbox 2152 3869 2250 3930; x_wconf 89' lang='lat' dir='ltr'>est</span> <span class='ocrx_word' id='word_1_300' title='bbox 2313 3863 2667 3930; x_wconf 88' lang='lat' dir='ltr'>Horatium</span> <span class='ocrx_word' id='word_1_301' title='bbox 2717 3859 2942 3923; x_wconf 85' lang='lat' dir='ltr'>Maece-</span> 
     </span>
     <span class='ocr_line' id='line_1_33' title="bbox 489 3968 2944 4054; baseline -0.001 -23"><span class='ocrx_word' id='word_1_302' title='bbox 489 3968 630 4032; x_wconf 89' lang='lat' dir='ltr'>nati</span> <span class='ocrx_word' id='word_1_303' title='bbox 694 3969 1123 4051; x_wconf 86' lang='lat' dir='ltr'>Augustoque</span> <span class='ocrx_word' id='word_1_304' title='bbox 1194 3969 1498 4034; x_wconf 90' lang='lat' dir='ltr'>nondum</span> <span class='ocrx_word' id='word_1_305' title='bbox 1566 3974 1994 4039; x_wconf 90' lang='lat' dir='ltr'>conciliatum</span> <span class='ocrx_word' id='word_1_306' title='bbox 2061 3975 2251 4039; x_wconf 88' lang='lat' dir='ltr'>aliter</span> <span class='ocrx_word' id='word_1_307' title='bbox 2311 3973 2418 4036; x_wconf 91' lang='lat' dir='ltr'>hic</span> <span class='ocrx_word' id='word_1_308' title='bbox 2467 3975 2666 4054; x_wconf 91' lang='lat' dir='ltr'>atque</span> <span class='ocrx_word' id='word_1_309' title='bbox 2712 3972 2944 4051; x_wconf 87' lang='lat' dir='ltr'>postea</span> 
     </span>
     <span class='ocr_line' id='line_1_34' title="bbox 490 4073 2941 4162; baseline 0 -25"><span class='ocrx_word' id='word_1_310' title='bbox 490 4075 569 4138; x_wconf 92' lang='lat' dir='ltr'>de</span> <span class='ocrx_word' id='word_1_311' title='bbox 635 4075 810 4140; x_wconf 91' lang='lat' dir='ltr'>bello</span> <span class='ocrx_word' id='word_1_312' title='bbox 874 4076 1283 4160; x_wconf 87' lang='lat' dir='ltr'>Philippensi</span> <span class='ocrx_word' id='word_1_313' title='bbox 1332 4078 1552 4162; x_wconf 88' lang='lat' dir='ltr'>loqui;</span> <span class='ocrx_word' id='word_1_314' title='bbox 1622 4082 1876 4146; x_wconf 86' lang='lat' dir='ltr'>iocatur</span> <span class='ocrx_word' id='word_1_315' title='bbox 1939 4087 2109 4147; x_wconf 93' lang='lat' dir='ltr'>certe</span> <span class='ocrx_word' id='word_1_316' title='bbox 2174 4081 2388 4146; x_wconf 86' lang='lat' dir='ltr'>Carm.</span> <span class='ocrx_word' id='word_1_317' title='bbox 2437 4079 2519 4142; x_wconf 87' lang='lat'>11.</span> <span class='ocrx_word' id='word_1_318' title='bbox 2574 4080 2632 4155; x_wconf 92' lang='lat'>7,</span> <span class='ocrx_word' id='word_1_319' title='bbox 2683 4073 2941 4139; x_wconf 73' lang='lat'>9-122</span> 
     </span>
     <span class='ocr_line' id='line_1_35' title="bbox 498 4182 2940 4270; baseline 0 -28"><span class='ocrx_word' id='word_1_320' title='bbox 498 4182 775 4244; x_wconf 72' lang='lat' dir='ltr'>«Tecum</span> <span class='ocrx_word' id='word_1_321' title='bbox 844 4182 1185 4266; x_wconf 84' lang='lat' dir='ltr'>Philippos</span> <span class='ocrx_word' id='word_1_322' title='bbox 1252 4190 1316 4250; x_wconf 87' lang='lat' dir='ltr'>et</span> <span class='ocrx_word' id='word_1_323' title='bbox 1380 4188 1659 4251; x_wconf 91' lang='lat' dir='ltr'>celerem</span> <span class='ocrx_word' id='word_1_324' title='bbox 1731 4190 1955 4270; x_wconf 80' lang='lat' dir='ltr'>sugam</span> <span class='ocrx_word' id='word_1_325' title='bbox 2027 4188 2221 4254; x_wconf 85' lang='lat' dir='ltr'>Sensi</span> <span class='ocrx_word' id='word_1_326' title='bbox 2289 4186 2518 4253; x_wconf 77' lang='lat' dir='ltr'>relicta</span> <span class='ocrx_word' id='word_1_327' title='bbox 2584 4206 2719 4248; x_wconf 90' lang='lat' dir='ltr'>non</span> <span class='ocrx_word' id='word_1_328' title='bbox 2770 4182 2940 4245; x_wconf 88' lang='lat' dir='ltr'>bene</span> 
     </span>
     <span class='ocr_line' id='line_1_36' title="bbox 486 4289 2940 4379; baseline 0.001 -29"><span class='ocrx_word' id='word_1_329' title='bbox 486 4289 810 4370; x_wconf 87' lang='lat' dir='ltr'>parmula,</span> <span class='ocrx_word' id='word_1_330' title='bbox 882 4289 1051 4354; x_wconf 85' lang='lat' dir='ltr'>Cum</span> <span class='ocrx_word' id='word_1_331' title='bbox 1117 4291 1321 4356; x_wconf 82' lang='lat' dir='ltr'>fracta</span> <span class='ocrx_word' id='word_1_332' title='bbox 1383 4294 1590 4359; x_wconf 90' lang='lat' dir='ltr'>virtus</span> <span class='ocrx_word' id='word_1_333' title='bbox 1657 4299 1723 4360; x_wconf 90' lang='lat' dir='ltr'>et</span> <span class='ocrx_word' id='word_1_334' title='bbox 1790 4297 2082 4361; x_wconf 85' lang='lat' dir='ltr'>minaces</span> <span class='ocrx_word' id='word_1_335' title='bbox 2144 4298 2358 4379; x_wconf 85' lang='lat' dir='ltr'>Turpe</span> <span class='ocrx_word' id='word_1_336' title='bbox 2407 4294 2626 4358; x_wconf 89' lang='lat' dir='ltr'>solum</span> <span class='ocrx_word' id='word_1_337' title='bbox 2673 4290 2940 4370; x_wconf 85' lang='lat' dir='ltr'>tetigere</span> 
     </span>
     <span class='ocr_line' id='line_1_37' title="bbox 390 4391 2935 4487; baseline 0 -29"><span class='ocrx_word' id='word_1_338' title='bbox 390 4391 398 4402; x_wconf 79' lang='grc'><strong><em>’</em></strong></span> <span class='ocrx_word' id='word_1_339' title='bbox 489 4398 773 4460; x_wconf 85' lang='lat' dir='ltr'>mento.»</span> <span class='ocrx_word' id='word_1_340' title='bbox 830 4395 960 4461; x_wconf 84' lang='lat' dir='ltr'>Sed</span> <span class='ocrx_word' id='word_1_341' title='bbox 1008 4398 1216 4481; x_wconf 87' lang='lat' dir='ltr'>Epist.</span> <span class='ocrx_word' id='word_1_342' title='bbox 1264 4400 1315 4465; x_wconf 94' lang='lat' dir='ltr'>I.</span> <span class='ocrx_word' id='word_1_343' title='bbox 1370 4403 1473 4482; x_wconf 69' lang='grc' dir='ltr'>ΞΟ,</span> <span class='ocrx_word' id='word_1_344' title='bbox 1523 4404 1828 4481; x_wconf 72' lang='lat'>20—23„</span> <span class='ocrx_word' id='word_1_345' title='bbox 1878 4405 2090 4469; x_wconf 89' lang='lat' dir='ltr'>multo</span> <span class='ocrx_word' id='word_1_346' title='bbox 2136 4407 2290 4487; x_wconf 90' lang='lat' dir='ltr'>poet</span> <span class='ocrx_word' id='word_1_347' title='bbox 2318 4402 2492 4467; x_wconf 83' lang='lat' dir='ltr'>bella</span> <span class='ocrx_word' id='word_1_348' title='bbox 2525 4398 2743 4465; x_wconf 80' lang='lat' dir='ltr'>civilia</span> <span class='ocrx_word' id='word_1_349' title='bbox 2774 4400 2935 4460; x_wconf 88' lang='lat' dir='ltr'>tem·</span> 
     </span>
     <span class='ocr_line' id='line_1_38' title="bbox 486 4503 2937 4590; baseline 0.001 -26"><span class='ocrx_word' id='word_1_350' title='bbox 486 4521 664 4584; x_wconf 87' lang='lat' dir='ltr'>pore.</span> <span class='ocrx_word' id='word_1_351' title='bbox 734 4522 886 4565; x_wconf 90' lang='lat' dir='ltr'>cum</span> <span class='ocrx_word' id='word_1_352' title='bbox 952 4503 1086 4568; x_wconf 89' lang='lat' dir='ltr'>iam</span> <span class='ocrx_word' id='word_1_353' title='bbox 1154 4527 1291 4569; x_wconf 92' lang='lat' dir='ltr'>non</span> <span class='ocrx_word' id='word_1_354' title='bbox 1341 4513 1481 4573; x_wconf 91' lang='lat' dir='ltr'>erat</span> <span class='ocrx_word' id='word_1_355' title='bbox 1542 4509 1600 4573; x_wconf 89' lang='lat' dir='ltr'>ei</span> <span class='ocrx_word' id='word_1_356' title='bbox 1652 4510 2046 4588; x_wconf 89' lang='lat' dir='ltr'>timendum,</span> <span class='ocrx_word' id='word_1_357' title='bbox 2095 4531 2180 4574; x_wconf 93' lang='lat' dir='ltr'>ne</span> <span class='ocrx_word' id='word_1_358' title='bbox 2228 4512 2604 4590; x_wconf 87' lang='lat' dir='ltr'>Augustum</span> <span class='ocrx_word' id='word_1_359' title='bbox 2649 4503 2937 4580; x_wconf 86' lang='lat' dir='ltr'>laederet,</span> 
     </span>
     <span class='ocr_line' id='line_1_39' title="bbox 486 4610 2936 4698; baseline 0 -26"><span class='ocrx_word' id='word_1_360' title='bbox 486 4610 749 4686; x_wconf 90' lang='lat' dir='ltr'>iterum,</span> <span class='ocrx_word' id='word_1_361' title='bbox 800 4610 969 4675; x_wconf 90' lang='lat' dir='ltr'>eicut</span> <span class='ocrx_word' id='word_1_362' title='bbox 1016 4611 1142 4676; x_wconf 92' lang='lat' dir='ltr'>hoc</span> <span class='ocrx_word' id='word_1_363' title='bbox 1188 4614 1355 4691; x_wconf 77' lang='lat'>1000,</span> <span class='ocrx_word' id='word_1_364' title='bbox 1404 4615 1575 4679; x_wconf 89' lang='lat' dir='ltr'>serio</span> <span class='ocrx_word' id='word_1_365' title='bbox 1618 4617 1938 4698; x_wconf 86' lang='lat' dir='ltr'>gloriatur</span> <span class='ocrx_word' id='word_1_366' title='bbox 1971 4616 2206 4682; x_wconf 84' lang='lat' dir='ltr'>bellica</span> <span class='ocrx_word' id='word_1_367' title='bbox 2239 4616 2514 4680; x_wconf 87' lang='lat' dir='ltr'>virtute:</span> <span class='ocrx_word' id='word_1_368' title='bbox 2571 4612 2713 4676; x_wconf 78' lang='lat' dir='ltr'>«Me</span> <span class='ocrx_word' id='word_1_369' title='bbox 2747 4610 2936 4674; x_wconf 90' lang='lat' dir='ltr'>liber·</span> 
     </span>
    </p>
   </div>
   <div class='ocr_carea' id='block_1_3' title="bbox 596 4737 2727 4800">
    <p class='ocr_par' dir='ltr' id='par_1_3' title="bbox 596 4737 2727 4800">
     <span class='ocr_line' id='line_1_40' title="bbox 596 4737 2727 4800; baseline 0.006 -8"><span class='ocrx_word' id='word_1_370' title='bbox 596 4761 732 4794; x_wconf 73' lang='lat' dir='ltr'>m».</span> <span class='ocrx_word' id='word_1_371' title='bbox 766 4753 865 4793; x_wconf 63' lang='lat' dir='ltr'>iu.</span> <span class='ocrx_word' id='word_1_372' title='bbox 894 4763 923 4792; x_wconf 72' lang='grc' dir='ltr'><strong>Α</strong></span> <span class='ocrx_word' id='word_1_373' title='bbox 950 4763 1120 4794; x_wconf 71' lang='lat' dir='ltr'>nrnv·</span> <span class='ocrx_word' id='word_1_374' title='bbox 1152 4754 1201 4794; x_wconf 66' lang='lat' dir='ltr'><em>u</em></span> <span class='ocrx_word' id='word_1_375' title='bbox 1228 4755 1442 4798; x_wconf 65' lang='grc' dir='ltr'>πάντα».</span> <span class='ocrx_word' id='word_1_376' title='bbox 1474 4757 1699 4798; x_wconf 60' lang='lat' dir='ltr'>tuebor..</span> <span class='ocrx_word' id='word_1_377' title='bbox 1729 4770 1805 4798; x_wconf 87' lang='lat' dir='ltr'>xx.</span> <span class='ocrx_word' id='word_1_378' title='bbox 1835 4761 1939 4800; x_wconf 73' lang='lat' dir='ltr'>xor.</span> <span class='ocrx_word' id='word_1_379' title='bbox 1968 4759 2010 4800; x_wconf 81' lang='lat'>6.</span> <span class='ocrx_word' id='word_1_380' title='bbox 2041 4769 2102 4800; x_wconf 76' lang='grc' dir='ltr'>ιτ..</span> <span class='ocrx_word' id='word_1_381' title='bbox 2694 4737 2727 4788; x_wconf 60' lang='lat'><strong>2</strong></span> 
     </span>
    </p>
   </div>
  </div>
 </body>
</html>
