3525 5384
1296 462 1381 506 nn
1428 459 1693 507 nomm
1738 463 1947 508 mono
1994 464 2175 509 xvm.
2869 447 2945 510 31

497 637 559 713 2,
603 636 722 702 1οε
766 636 985 700 «Inter
1016 635 1386 701 Socraticos
1418 636 1771 702 notissima.
1807 632 1982 722 fosse
2015 638 2361 704 cinaedos»
2404 677 2489 686 —
2523 638 2952 732 Scissumque,

493 743 754 827 proprie
804 742 1047 809 dicitur
1094 743 1174 807 de
1222 746 1375 810 actu
1423 743 1777 827 pedicandi
1797 767 1815 823 3
1866 765 1962 809 ex.
2013 739 2251 812 Catull.
2306 747 2452 824 112,
2496 748 2702 814 1--2ε
2746 748 2957 814 «Mul-

460 855 605 931 ⁴tus
652 852 856 916 homo
923 871 1012 929 es,
1077 852 1289 926 Nas03
1358 873 1575 936 neque
1642 855 1868 916 tecum
1932 853 2186 917 multus
2254 854 2457 920 homo
2526 861 2640 932 est,
2707 856 2821 939 qui
2867 858 2955 920 Te

498 954 775 1024 scindit:
824 959 997 1024 Naso
1044 960 1297 1025 mult'u's
1346 979 1414 1023 es
1462 963 1528 1024 et
1569 940 1932 1048 pathieus.»
1976 961 2073 1028 Cf.
2107 962 2321 1048 Priap.
2357 964 2464 1038 26,
2506 965 2606 1028 10.
2642 965 2957 1047 ¹(Priapus

498 1065 579 1130 de
628 1070 757 1144 se):
814 1065 1056 1131 «Fures
1101 1063 1389 1134 scindere
1436 1068 1798 1150 quamlibet
1828 1070 2157 1134 valentes»
2215 1075 2281 1135 et
2327 1072 2434 1149 77,
2485 1071 2610 1136 23:
2667 1071 2958 1135 «Furum

496 1169 787 1241 scindere
832 1172 1099 1256 podices
1147 1174 1497 1238 solebam.»
1552 1211 1641 1219 —
1706 1169 2013 1254 hirneosi,
2068 1181 2226 1259 pro':
2280 1177 2595 1253 herniosi,
2645 1183 2722 1241 ut
2767 1178 2958 1260 Verg.

498 1279 705 1345 Catal.
770 1279 915 1344 XII.
967 1281 1045 1344 8:
1111 1277 1409 1347 hirneam
1473 1302 1593 1364 pro
1657 1261 1974 1348 herniam.
2023 1321 2112 1328 —
2153 1280 2401 1372 patrui,
2453 1285 2585 1368 qui,
2635 1289 2711 1348 ut
2758 1285 2959 1349 etiam

418 1473 422 1477 .
500 1386 721 1468 ignavi
793 1389 1023 1452 fratres
1094 1408 1293 1471 supra
1360 1389 1729 1464 memorati,
1802 1389 1873 1452 in
1950 1389 2147 1478 domo
2217 1389 2497 1455 Pediatii
2543 1391 2826 1455 vivebat.
2873 1425 2961 1436 —-

502 1490 704 1560 Pedes
750 1489 982 1561 inedia
1014 1490 1326 1582 tumidos,
1353 1516 1620 1560 versum
1667 1497 1970 1562 imitatur
2020 1497 2136 1562 Ov.
2186 1497 2342 1562 Met.
2376 1497 2552 1563 VIII.
2586 1499 2959 1562 807—808.

500 1602 605 1679 (de
673 1602 877 1666 Fame
925 1602 1447 1685 personificata):
1508 1604 1833 1668 «Auxerat
1879 1604 2194 1669 articulos
2241 1605 2486 1669 macies
2533 1601 2962 1687 genuumque

500 1705 783 1776 tumebat
853 1709 1045 1774 Orbis
1110 1713 1176 1774 et
1221 1708 1578 1774 immodico
1641 1709 2004 1793 prodibant
2068 1707 2276 1778 tubere
2323 1711 2505 1790 tali»,
2553 1711 2671 1775 ubi
2733 1712 2966 1794 Haupt

499 1816 862 1882 rectissime
926 1816 1222 1881 adnotat.
1297 1817 1455 1881 «Die
1522 1817 1884 1899 Magerkeit
1949 1819 2066 1882 der
2132 1818 2400 1883 Glieder
2458 1820 2614 1883 liess
2678 1821 2786 1883 fiir
2833 1818 2964 1882 den

504 1923 785 1989 Anblick
850 1923 956 1988 die
1024 1923 1316 1990 Gelenke
1382 1923 1632 1987 starker
1695 1924 2210 1990 hervortreten.»
2289 1925 2611 1990 Horatius
2682 1925 2966 2009 respexit
3055 1962 3060 1966 -
3111 1882 3114 1885 Ι

504 2031 776 2095 Hesiod.
828 2030 1007 2096 Scut.
1075 2030 1459 2095 264—266:
1527 2029 1668 2114 Πὰρ
1737 2029 1792 2093 δ’
1859 2028 2084 2116 Ἀχλὺς
2135 2029 2406 2118 εἱστήκει
2470 2031 2837 2120 ἐπισμυγερή
2900 2055 2964 2096 τε

503 2142 612 2203 καὶ
647 2135 807 2223 αἰνή,
844 2137 1071 2224 Χλωρή
1109 2135 1443 2224 ἀΰσταλέη,
1476 2139 1514 2200 λ
1538 2160 1555 2199 ι
1577 2161 1620 2224 μ
1641 2149 1688 2221 ῷ
1734 2148 2212 2224 καταπεπτηυῖα,
2261 2137 2308 2202 Γ
2329 2162 2362 2203 o
2384 2162 2417 2202 υ
2443 2162 2472 2203 ν
2493 2162 2526 2203 o
2547 2144 2769 2225 παχή
2793 2162 2846 2210 ς.
2881 2175 2968 2182 -

509 2241 711 2312 Pedes
748 2294 762 2309 .
799 2294 813 2308 .
849 2297 863 2309 .
898 2241 1207 2332 turyidos,
1257 2246 1334 2309 cf.
1388 2246 1550 2309 Hor.
1600 2244 1815 2327 Epod.
1866 2245 1927 2322 8,
1981 2245 2236 2310 9—10:
2298 2248 2712 2329 «Venterque
2746 2245 2968 2311 mollis
3037 2267 3042 2272 ·

514 2358 581 2416 et
611 2353 829 2416 femur
860 2347 1247 2418 tumentibus
1303 2351 1491 2414 Exile
1524 2348 1699 2416 suris
1731 2349 2092 2416 additum.»
2134 2389 2221 2396 —
2255 2348 2502 2440 inedia,
2538 2356 2667 2418 tres
2703 2352 2968 2435 syllabae

513 2480 631 2544 per
682 2459 1034 2543 synizesin,
1084 2463 1162 2522 ut
1206 2459 1370 2524 Hor.
1420 2458 1632 2541 Epod.
1689 2459 1787 2533 12,
1845 2461 1918 2520 7:
1980 2458 2145 2538 «Qui
2193 2459 2398 2524 sudor
2441 2457 2626 2526 vietis
2673 2463 2738 2523 61
2769 2478 2970 2542 quam

515 2554 732 2631 malus
780 2549 1098 2650 undique
1123 2566 1503 2652 membris»,
1552 2565 1669 2629 ubi
1712 2565 2113 2646 legendum:
2159 2562 2361 2650 vJ'etis.
2659 2564 2663 2568 ’

1596 2746 1902 2789 *⁴³*

730 2887 982 2951 Videtis
1028 2886 1181 2960 iam,
1232 2887 1567 2951 auditores
1614 2886 2003 2964 doctissimi,
2052 2890 2261 2950 totam
2309 2885 2605 2949 indolem
2659 2885 2974 2950 elocutio-

518 3015 803 3078 nemque
851 2995 1054 3058 huius
1102 2994 1298 3077 epodi
1344 2994 1509 3057 adeo
1556 2993 1956 3057 Horatianas
2004 3012 2163 3070 esse,
2213 2996 2290 3056 ut
2337 3013 2413 3055 ex
2460 3013 2535 3056 eo
2581 2992 2806 3074 plures
2852 2992 2978 3056 loci

518 3101 871 3167 Horatiani
936 3102 1327 3177 accuratius,
1398 3120 1599 3182 quam
1647 3100 1779 3163 huc
1827 3119 2035 3183 usque
2099 3099 2349 3163 factum
2399 3102 2516 3176 est,
2566 3099 2825 3181 possint
2871 3118 2974 3161 ex·

519 3208 771 3291 plicari.
821 3206 971 3279 Sed,
1024 3207 1199 3290 quod
1249 3207 1465 3271 maius
1513 3209 1629 3280 est,
1678 3208 1898 3270 totum
1947 3205 2147 3270 etiam
2197 3225 2464 3269 carmen
2527 3204 2975 3268 Horatianum

522 3315 654 3380 huc
718 3336 931 3397 usque
979 3336 1215 3398 parum
1280 3314 1693 3377 intellectum
1742 3333 1916 3377 nova
1963 3313 2120 3377 hinc
2169 3311 2540 3376 illustratur
2585 3311 2752 3374 luce.
2806 3311 2976 3373 Nam

523 3423 866 3488 exordium
913 3422 1268 3507 palinodiae
1317 3423 1496 3486 illius
1545 3423 1930 3500 notissimae,
1982 3422 2140 3484 odes
2195 3421 2294 3488 16,
2345 3420 2502 3484 libri
2549 3421 2639 3484 L:

954 3610 999 3662 O
1038 3613 1225 3663 matre
1264 3609 1512 3677 pulchra
1550 3607 1673 3660 filia
1710 3607 2026 3676 pulchrior,

955 3699 1138 3762 Quem
1178 3699 1509 3754 criminosis
1550 3713 1796 3762 cumque
1835 3695 1992 3747 voles
2033 3695 2272 3746 modum

952 3791 1138 3842 Pones
1179 3788 1406 3851 iambis,
1448 3788 1567 3840 sive
1606 3786 1844 3838 flamma

954 3878 1085 3932 Sive
1125 3877 1275 3929 mari
1312 3875 1451 3929 libet
1489 3875 1813 3937 Hadriano,

530 4089 712 4132 nunc
761 4067 1033 4131 demum
1083 4064 1465 4148 explicabile
1514 4063 1707 4126 nobis
1756 4055 2005 4125 factum
2055 4062 2170 4123 est.
2208 4056 2438 4139 Agitur
2471 4055 2648 4118 enim
2681 4054 2807 4118 hoc
2837 4053 2983 4116 loco

532 4175 611 4238 de
659 4175 898 4240 iambis
946 4174 1017 4236 in
1065 4172 1432 4256 epodorum
1479 4171 1644 4234 libro
1693 4189 1829 4232 non
1880 4166 2092 4243 editis,
2144 4165 2332 4229 cuius
2389 4161 2788 4246 apographa,
2840 4180 2983 4242 quae

530 4283 829 4364 conquiri
891 4284 1220 4364 poterant,
1269 4279 1533 4343 feminae
1600 4275 1866 4339 cuidam
1932 4271 2390 4356 plucherrimae
2439 4268 2619 4332 misit
2665 4264 2986 4331 Horatius

533 4390 849 4468 delenda3
915 4409 1074 4454 nam
1142 4388 1391 4472 epodos
1456 4383 1705 4468 publici
1771 4381 1935 4446 iuris
2000 4381 2204 4443 factos
2273 4375 2717 4458 omnibusque
2789 4376 2984 4437 notos

534 4498 776 4563 frustra
823 4497 885 4561 ei
929 4496 1233 4561 misisset.
1287 4486 1648 4560 Criminosi
1694 4492 1868 4552 certe
1903 4481 2110 4552 iambi
2140 4485 2265 4548 hoc
2296 4482 2442 4547 loco
2493 4478 2992 4545 commemorati

534 4604 879 4670 commode
925 4606 1208 4686 possunt
1251 4600 1477 4664 referri
1523 4597 1609 4661 ad
1656 4597 1838 4659 hunc
1887 4594 2176 4677 epodum
2209 4586 2490 4656 crimina
2521 4585 2801 4650 Pediatii
2832 4605 3001 4678 con-—

1402 4717 1405 4722 ¹
1711 4719 1817 4771 335
