3525 5384
1292 460 1377 502 nn
1425 460 1687 511 Homul
1731 460 1940 502 EPODO
1987 460 2169 502 xvnl.
2912 443 2951 502 5

927 633 1102 699 Quid,
1139 633 1434 701 impudice
1473 636 1530 685 et
1564 631 1921 703 improbando
1956 633 2185 696 Oaesari,

1003 720 1116 776 Seu
1154 722 1309 776 furta
1348 721 1616 776 dicantur
1650 724 1781 784 tua3

507 871 620 954 qui
665 871 1145 955 patrimonium
1192 894 1390 938 suum
1435 872 1800 938 helluando
1848 873 2299 957 consumpsit‚·
2344 874 2425 938 cf.
2472 894 2600 939 vss.
2655 873 2949 937 11-122

928 1032 1004 1084 Et
1042 1031 1304 1085 helluato
1345 1048 1471 1103 sera
1509 1029 1864 1100 patrimonio

997 1120 1070 1173 In
1105 1121 1284 1174 fratre
1320 1121 1711 1189 parsimonia3

499 1270 612 1353 qui
659 1270 1024 1353 puerilibus
1070 1272 1284 1349 annis,
1331 1292 1372 1336 a
1415 1271 1801 1355 parentibus
1848 1274 2021 1337 certe
2055 1291 2291 1355 parum
2340 1270 2690 1354 diligenter
2733 1273 2951 1336 custo·

501 1377 698 1455 ditus,
762 1379 936 1443 inter
1001 1379 1176 1443 viros
1242 1379 1541 1445 convivia
1611 1381 1953 1445 celebrans
2007 1382 2480 1461 constupratus
2528 1381 2647 1457 est,
2694 1380 2775 1443 cf.
2823 1400 2951 1443 vss.

506 1484 800 1549 13-—162

923 1572 1032 1627 Vel
1073 1576 1204 1627 acta
1237 1590 1419 1641 puero
1457 1590 1587 1627 cum
1625 1575 1768 1626 viris
1810 1575 2073 1627 convivia

1005 1662 1252 1730 Udaeque
1290 1680 1395 1730 per
1432 1662 1704 1715 somnum
1742 1667 1909 1716 nates

923 1753 998 1803 Et
1035 1752 1222 1804 inscio
1263 1755 1497 1820 repente
1536 1752 1854 1805 clamatum
1894 1769 2099 1821 super:

997 1841 1544 1905 Talas10,'1'alasio;

498 2017 610 2099 qui
647 2012 941 2083 cinaedus
988 2022 1302 2097 evaserat,
1348 2025 1427 2085 ut
1472 2040 1739 2085 omnem
1788 2020 2135 2085 libidinem
2182 2042 2335 2085 cum
2381 2021 2723 2130 voluptate
2767 2004 2947 2104 pate-

495 2127 695 2201 retur,
747 2126 828 2190 cf.
876 2146 1004 2190 vss.
1061 2127 1354 2191 19—24:

928 2266 1060 2318 Non
1097 2284 1190 2320 me
1229 2267 1460 2321 vocabis
1501 2283 1711 2335 spurca
1745 2285 1853 2336 per
1890 2267 2146 2335 Cotyttia

1000 2355 1088 2407 Ad
1127 2356 1364 2408 feriatos
1402 2355 1670 2419 fascinos,

927 2445 1046 2497 Nec
1083 2447 1140 2497 te
1179 2462 1410 2499 movere
1447 2445 1777 2499 lumbulum
1814 2446 1874 2497 in
1914 2444 2207 2500 crocotula

996 2534 1230 2601 Prensis
1271 2534 1476 2587 videbo
1515 2533 1797 2589 altaribus

923 2622 1282 2689 Flavumque
1322 2625 1560 2691 propter
1596 2622 1877 2689 Thybrim
1916 2623 2135 2674 olentes
2174 2621 2436 2675 nauticos

994 2711 1214 2764 Vocare
1241 2750 1254 2764 .
1286 2750 1298 2763 .
1328 2751 1340 2763 .

710 2869 912 2936 Hunc
977 2872 1177 2955 igitur
1241 2872 1530 2955 equitem
1592 2875 1974 2937 Romanum
2041 2871 2359 2936 Horatius
2429 2870 2565 2935 Sat.
2614 2871 2664 2935 Ι.
2729 2872 2792 2949 8,
2842 2872 2963 2953 39„

501 2972 900 3055 Pediatiam,
950 2999 1086 3043 non
1138 2977 1512 3042 Pediatium
1572 2979 1884 3062 appellat,
1932 2978 2090 3060 quia
2138 2979 2271 3045 iam
2320 2978 2391 3041 in
2438 2976 2565 3041 hoc
2612 2978 2825 3060 epodo
2854 2972 2963 3068 fe·-

497 3080 752 3151 minam
801 3104 956 3149 eum
1003 3084 1378 3149 nominavit
1421 3106 1510 3150 vs,
1571 3088 1688 3150 17:

927 3245 1078 3309 Quid
1116 3245 1398 3313 palluisti,
1424 3243 1689 3315 femina?
1727 3244 1818 3296 An
1854 3244 1967 3296 ioci
2006 3244 2249 3297 dolent?

523 3479 530 3486 ,
711 3406 888 3485 Quin
938 3409 1142 3473 etiam
1188 3409 1317 3473 loci
1363 3406 1657 3490 corrupti
1687 3407 1951 3472 Horatii
1983 3410 2047 3471 et
2080 3405 2448 3472 scholiastae
2481 3405 2948 3489 Porphyrionis
2993 3382 2999 3387 ’

497 3514 786 3579 maxima
855 3534 1009 3579 cum
1074 3513 1649 3579 verisimilitudine
1718 3518 2001 3597 possunt
2064 3513 2417 3579 collatione
2484 3512 2685 3576 huius
2750 3513 2948 3595 epodi

497 3620 855 3685 emendari
905 3590 1071 3684 Nam
1122 3620 1257 3685 Sat.
1305 3621 1357 3684 Ι.
1408 3622 1467 3696 8,
1521 3620 1821 3685 38—39:

996 3824 1009 3837 .
1039 3826 1052 3839 .
1082 3826 1094 3838 .
1123 3789 1293 3852 atquae
1331 3786 1392 3836 in
1432 3802 1523 3837 me
1560 3786 1754 3837 veniat
1795 3786 2038 3836 mictum
2078 3787 2249 3850 atque
2287 3786 2549 3836 cacatum

909 3871 1161 3939 †Iuliu8†
1205 3875 1258 3925 et
1296 3873 1525 3940 fragilis
1562 3872 1824 3924 Pediatia
1860 3871 2065 3938 furque
2105 3872 2392 3934 Voranus,

494 4042 726 4125 procul
775 4042 979 4108 dubio
1030 4047 1416 4126 corruptum
1467 4049 1563 4107 est
1609 4052 1676 4107 et
1719 4044 1803 4107 ab
1854 4043 2163 4108 omnibus
2211 4042 2574 4107 editoribus
2608 4063 2796 4107 cruce
2829 4064 2945 4107 no·

495 4144 928 4231 tatur‘Iulius
959 4149 1452 4233 rectissimeque
1487 4151 1646 4215 dicit
1677 4145 2010 4236 Kiessliny
2042 4151 2110 4213 in
2146 4150 2437 4215 editione
2470 4168 2627 4213 sua:
2669 4144 2947 4227 «Iuliae,

497 4256 612 4319 das
658 4255 1084 4321 vornehmste
1133 4255 1393 4320 Gentile
1443 4257 1559 4320 der
1602 4257 1761 4334 Zeit,
1796 4257 1882 4321 ist
1915 4278 2031 4321 zur
2080 4255 2553 4337 Bezeichnung
2599 4257 2779 4320 eines
2810 4277 2948 4321 ver-

495 4364 894 4426 kommenen
930 4363 1293 4427 Menschen
1326 4362 1758 4446 platterdings
1807 4362 2251 4444 unmoglich.»
2308 4362 2477 4426 Cum
2524 4365 2748 4425 autem
2793 4362 2947 4425 Por-

494 4470 729 4553 phyrio
797 4471 867 4533 in
933 4469 1478 4534 adnotationibus
1545 4468 1682 4532 suis
1746 4468 2025 4531 nomina
2089 4466 2367 4533 Pediatii
2432 4471 2497 4531 61
2540 4465 2786 4530 Verani
2833 4486 2945 4549 op-

496 4577 654 4639 time
704 4576 1000 4659 explicet,
1052 4580 1283 4641 contra
1331 4576 1410 4639 de
1458 4576 1628 4640 Iulio
1685 4575 1943 4638 nullam
1991 4575 2189 4639 faciat
2233 4572 2661 4647 mentionem,
2713 4572 2847 4637 Sat.
2896 4574 2949 4637 Ι.

1667 4698 1772 4749 309
