3525 5384
1324 420 1410 462 DE
1455 418 1720 466 nomm
1763 419 1973 463 mono
2020 418 2203 463 xvm.
2900 402 2982 465 27

530 594 985 659 vescebantur.
1050 594 1372 669 Horatius
1435 595 1722 677 respexit
1784 593 2029 661 Catull.
2080 596 2187 673 59,
2243 595 2448 663 1—5:
2506 594 2984 659 «Bononiensis

529 700 706 765 Rufa
765 701 1092 771 Rus-ulum
1160 701 1362 777 fellat,
1427 700 1606 767 Uxor
1674 700 1970 777 Meneni,
2021 722 2193 784 saepe
2243 720 2445 783 quam
2491 698 2565 767 in
2610 697 2983 789 sepulcretis

530 804 802 871 Vidistis
866 805 1010 889 ipso
1075 827 1302 890 rapere
1367 804 1445 877 de
1508 826 1658 895 royo
1721 827 1966 882 cenam,
2032 807 2203 875 Cum
2274 807 2664 881 devolutum
2712 830 2791 873 ex
2834 808 2985 891 igne

531 932 936 995 prosequens
982 933 1224 996 panem
1257 914 1356 985 Ab
1388 915 1704 979 semiraso
1752 912 2148 979 tunderetur
2178 917 2462 978 ustore.»
2512 913 2814 979 Eandem
2845 934 2985 979 rem

531 1018 744 1099 tangit
805 1018 969 1085 Hor.
1035 1022 1246 1105 Epod.
1309 1023 1420 1097 -17,
1486 1024 1773 1087 46-—48.
1840 1022 1942 1100 (de
1994 1021 2331 1099 Canidia):
2389 1020 2479 1086 «Ο
2526 1041 2648 1087 nec
2695 1020 2987 1103 paternis

531 1125 827 1191 obsoleta
889 1124 1190 1195 sordibus
1253 1129 1482 1213 Neque
1544 1126 1617 1193 in
1681 1124 1997 1218 sepulcris
2038 1147 2401 1217 pauperum
2460 1126 2753 1210 prudens
2814 1146 2984 1191 anus

533 1226 972 1301 Novcndialcs
1017 1235 1334 1319 dissipare
1381 1236 1753 1319 pulveres»,
1805 1236 1914 1300 cui
1960 1235 2108 1301 loco
2158 1234 2405 1317 optime
2438 1231 2846 1315 respondent
2874 1232 2985 1297 hic

533 1358 659 1417 vss.
707 1340 1008 1406 27—28:
1065 1341 1325 1425 «Neque
1358 1340 1431 1407 in
1482 1340 1776 1409 culinam
1822 1341 1909 1407 ad
1939 1345 2144 1407 uncta
2174 1334 2603 1434 novendialia
2632 1341 2984 1423 Dapesque

533 1445 734 1509 duces
778 1443 1138 1515 sordidas.»
1193 1449 1510 1532 Porphyr.
1559 1450 1645 1513 ad
1691 1448 1855 1513 Hor.
1904 1447 2118 1532 Epod.
2176 1450 2275 1524 17,
2324 1449 2431 1511 48.
2476 1447 2621 1510 'haec
2668 1445 2982 1511 adnotat:

543 1546 891 1619 «Cinerum
935 1555 1248 1639 reliquias
1295 1556 1440 1621 vult
1485 1554 1800 1637 intellegi,
1851 1574 2011 1619 nam
2059 1552 2451 1617 novendiale
2500 1551 2744 1617 dicitur
2788 1552 2983 1617 sacri·
3113 1600 3121 1607 .

533 1658 781 1741 ficium,
831 1661 1008 1742 quod
1055 1665 1315 1726 mortuo
1364 1662 1440 1727 fit
1484 1683 1666 1726 nono
1715 1661 1845 1738 die,
1892 1681 2096 1744 quam
2129 1660 2429 1743 sepultus
2462 1663 2618 1724 est.»
2658 1658 2987 1724 Errabant

533 1763 733 1845 igitur
776 1766 1186 1849 interpretes,
1237 1768 1350 1850 qui
1398 1768 1577 1851 apud
1623 1768 1787 1832 Hor.
1837 1765 2053 1849 Epod.
2109 1767 2211 1843 17,
2259 1766 2369 1829 48.
2406 1762 2705 1854 pulveres
2752 1767 2837 1829 ad
2882 1787 2981 1831 re-

531 1871 775 1954 liquias
822 1873 1110 1957 corporis
1157 1875 1404 1939 mortui
1451 1875 1521 1938 in
1569 1894 1723 1955 rogo
1775 1871 2107 1937 combusti
2153 1873 2393 1936 referre
2438 1871 2751 1936 volebant
2770 1892 2787 1947 3
2852 1872 2984 1955 agi-

537 1983 645 2043 tur
690 1980 870 2043 enim
919 1980 999 2045 de
1049 1982 1380 2047 cineribus
1428 1988 1623 2047 cenae'
1653 1978 2070 2045 novendialis
2118 1979 2462 2053 ambustae,
2513 1999 2678 2061 quos
2711 1978 2989 2044 Canidia

537 2086 776 2149 misera
839 2089 1146 2152 vescendi
1193 2110 1396 2153 causa
1462 2089 1780 2171 dissipare
1822 2087 2121 2163 solebat.
2154 2123 2245 2130 -—
2274 2092 2471 2153 uncta
2536 2082 2985 2164 novendialia,

537 2198 934 2277 anapaestus,
960 2196 1029 2260 in
1078 2202 1316 2280 quarto
1363 2197 1531 2281 pede
1577 2197 1864 2263 trimetri
1910 2194 2214 2270 iambici3
2282 2194 2515 2260 eodem
2559 2195 2708 2259 loco
2756 2194 2985 2257 tribra-

535 2301 694 2383 chys
758 2304 1081 2386 reperitur
1144 2305 1313 2370 Hor.
1376 2305 1588 2389 Epod.
1666 2308 1764 2382 17,
1846 2306 1962 2368 17:
2046 2302 2372 2367 «Antibus
2442 2305 2641 2383 atque
2712 2300 3028 2365 canibus.

534 2408 936 2475 homicidam
982 2411 1374 2477 Hectorem»
1449 2416 1516 2477 et
1576 2412 1733 2475 ibid.
1782 2432 1876 2477 VS.
1929 2413 2052 2475 74:
2112 2408 2474 2473 «Vectabor
2520 2407 2765 2471 umeris
2826 2410 2989 2471 tunc

535 2534 652 2596 ego
717 2514 1004 2582 inimicis
1070 2537 1328 2602 eques.»
1382 2557 1471 2563 -—
1516 2526 1733 2597 uncta,
1802 2517 2089 2591 sordida,
2160 2519 2236 2579 ut
2304 2502 2407 2579 res
2476 2513 2800 2578 ambustae
2849 2533 2988 2577 esse

536 2622 787 2698 solent3
855 2625 1194 2707 epitheton
1259 2634 1523 2693 unctum
1586 2647 1705 2709 pro
1753 2619 2094 2692 sordidum
2149 2627 2249 2687 est
2292 2621 2575 2687 Horatio
2622 2619 2989 2704 proprium.

538 2726 632 2795 Of.
683 2728 843 2794 Hor.
908 2731 1118 2814 Epist.
1185 2731 1236 2798 I.
1310 2735 1409 2807 14,
1480 2734 1596 2798 21:
1652 2740 1888 2798 «uncta
1955 2730 2243 2814 popina»
2319 2733 2385 2793 et
2430 2728 2564 2793 Sat.
2620 2727 2705 2792 II.
2752 2728 2816 2804 4,
2868 2730 2987 2791 62ε

545 2829 939 2902 «immundis
983 2838 1330 2921 popinis»;
1381 2838 1520 2903 Sat.
1586 2838 1672 2903 II.
1740 2840 1801 2902 2.
1861 2838 2165 2901 68-—692
2226 2856 2383 2899 «nec
2430 2835 2543 2911 sic,
2594 2838 2671 2899 ut
2715 2834 2991 2915 simplex

537 2940 817 3019 Nimius,
884 2954 1146 3011 unctam
1215 2934 1524 3011 Convivis
1586 2945 1906 3029 praebebit
1970 2964 2248 3029 aquam»
2270 2963 2286 3015 ;
2352 2942 2488 3007 Sat.
2550 2941 2635 3005 II.
2706 2942 2767 3016 4,
2819 2942 2994 3005 78—

541 3046 662 3110 79:
711 3047 998 3131 ·«Magna
1059 3056 1282 3117 movet
1345 3052 1688 3117 stomacho
1737 3051 2026 3128 fastidia,
2094 3050 2172 3113 si¹
2197 3068 2364 3131 puer
2406 3046 2620 3114 unctis
2666 3047 2995 3113 Tractavit

539 3154 812 3219 calicem
842 3156 1217 3224 manibus».
1249 3196 1340 3203 —-
1373 3154 1724 3247 Dapcsquc
1757 3207 1772 3221 .
1809 3207 1825 3222 .
1863 3206 1879 3221 .
1912 3151 2239 3232 sordidas,
2271 3153 2676 3237 pauperibus
2708 3157 2777 3217 et
2806 3174 2989 3217 men·

540 3260 702 3325 dicis
749 3264 1256 3343 convenientes;
1307 3268 1388 3331 cf.
1439 3265 1571 3330 Cic.
1620 3266 1722 3329 Ad
1769 3266 1903 3329 Att.
1953 3261 2101 3327 XII.
2152 3262 2257 3340 27,
2299 3263 2371 3325 1:
2414 3259 2732 3325 «Sordida
2763 3260 2995 3323 villula

539 3388 615 3435 ac
670 3370 861 3435 valde
925 3372 1255 3454 pusilla»;
1322 3373 1551 3439 Senec.
1619 3372 1831 3455 Epist.
1911 3372 2011 3459 18,
2083 3370 2162 3433 7:
2242 3368 2630 3431 «Timoneas
2685 3386 2882 3429 cenas
2931 3368 2995 3428 et

534 3494 899 3564 pauperum
945 3478 1144 3545 cellas
1180 3530 1194 3544 .
1233 3531 1247 3545 .
1284 3530 1298 3543 .
1327 3479 1534 3568 panis
1581 3478 1789 3543 durus
1812 3498 1913 3557 ,ac
1959 3471 2326 3550 sordidum
2383 3473 2498 3537 ubi
2546 3472 2739 3556 panis
2787 3472 2992 3537 sordi-

542 3582 666 3647 dus
714 3584 1041 3665 significat
1085 3606 1329 3669 panem
1375 3587 1738 3671 plebeium;
1788 3587 2041 3650 Lucan.
2089 3583 2198 3645 IV.
2235 3582 2401 3663 396:
2444 3578 2746 3643 «sordida
2774 3582 2985 3645 tecta»
3039 3588 3043 3595 ’

539 3688 584 3755 i.
633 3712 690 3754 e.
757 3711 921 3758 casae
968 3712 1375 3777 pauperum;
1425 3694 1586 3759 Hor.
1636 3691 1853 3757 Carm.
1901 3692 1985 3756 II.
2042 3690 2143 3765 10,
2209 3688 2419 3752 6—-8:
2478 3686 2691 3749 «caret
2735 3679 2997 3751 obsoleti

540 3791 858 3864 Sordibus
895 3797 1052 3875 tecti,
1104 3802 1281 3864 caret
1327 3799 1688 3864 invidenda
1734 3797 2007 3864 Sobrius
2054 3795 2265 3859 aula.»

663 3940 669 3946 ·
753 3905 827 3969 V.
879 3907 1161 3971 ,029—302.
1215 3901 1471 3987 Quibus
1532 3901 1807 3993 repletus
1871 3913 1943 3971 ut
1994 3896 2297 3968 salivosis
2345 3894 2569 3977 labriS,
2618 3898 2660 3961 i.
2710 3917 2766 3961 e.
2814 3901 2993 3980 post-

541 4030 740 4093 quam
805 4016 990 4085 satur
1057 4012 1265 4077 factus
1330 4016 1428 4075 est
1491 4009 1847 4084 Pediatius‚
1895 4008 2245 4073 libidinem
2290 4005 2531 4069 sentire
2593 4004 2860 4086 incipit;
2910 4004 2993 4069 cf.

542 4118 782 4185 Catull.
833 4120 936 4195 32,
994 4122 1289 4184 10—.11:
1347 4120 1551 4183 «Nam
1598 4137 1881 4200 pransus
1931 4116 2115 4180 iaceo
2164 4118 2230 4179 et
2276 4116 2461 4177 satur
2514 4109 2795 4193 supinus
2842 4111 2991 4175 Per·

538 4228 752 4291 tundo
817 4228 1246 4309 tunicamque
1312 4227 1787 4310 palliumque.»
1844 4261 1935 4268 -—
1977 4218 2282 4291 salivosis
2348 4214 2571 4295 labriS,
2628 4216 2835 4280 saliva
2881 4236 2992 4281 cu-

540 4334 837 4417 pidinem
884 4334 1278 4413 (libidinem)
1325 4332 1672 4415 significat,
1728 4334 1807 4395 ut
1853 4330 2086 4395 Senec.
2135 4327 2345 4412 Epist.
2398 4326 2502 4400 79,
2554 4325 2629 4387 7:
2673 4327 2843 4387 «Aut
2874 4343 2993 4406 ego

541 4446 604 4507 te
670 4462 810 4505 non
875 4444 1032 4506 novi
1095 4447 1214 4507 aut
1276 4444 1492 4507 Aetna
1538 4440 1660 4505 tibi
1722 4436 2006 4506 salivam
2054 4444 2274 4505 movet.
2323 4435 2467 4499 Iam
2517 4427 2700 4520 cupis
2744 4431 2992 4513 grande

411 4632 417 4639 ·
540 4549 793 4631 aliquid
841 4554 906 4613 et
949 4569 1069 4631 par
1113 4549 1443 4632 prioribus
1510 4547 1853 4612 scribere.»
1931 4545 2027 4613 cf.
2096 4546 2271 4611 Pers.
2338 4542 2474 4607 Sat.
2540 4540 2605 4617 5,
2679 4539 2826 4602 112..
2891 4537 2994 4616 (de

1715 4669 1817 4723 331
